2738 4048
379 278 507 344 128
1031 295 1425 344 EXCERPTA
1467 293 1896 343 TACITIANA.

377 564 438 610 10

381 1048 442 1092 15

383 2301 446 2345 10

383 2788 444 2833 15

380 3269 442 3315 20

480 452 597 511 bus
638 451 927 530 legiones,
969 473 1169 531 neque
1213 452 1669 531 quiescentibus
1708 471 1930 531 graves
1980 460 2046 511 et
2088 450 2388 511 adversus

479 549 938 609 contumaciam
964 550 1229 608 validae.
1312 550 1462 609 Non
1492 549 1751 608 omisere
1792 567 1904 626 per
1945 568 2050 608 eos
2093 548 2228 607 dies
2256 547 2391 606 Pri-

481 668 619 707 mus
648 666 720 705 ac
750 645 957 704 Varus
998 645 1226 703 crebris
1266 646 1501 705 nuntiis
1544 646 1805 704 salutem
1849 654 1913 704 et
1953 644 2281 724 pecuniam
2323 653 2389 703 et

484 752 718 804 secreta
775 741 1150 819 Campaniae
1208 741 1435 800 offerre
1492 742 1772 815 Vitellio,
1821 741 1873 801 si
1926 741 2143 820 positis
2199 742 2388 800 armis

485 861 671 920 seque
710 859 781 899 ac
819 838 1046 897 liberos
1089 857 1231 897 suos
1261 838 1645 917 Vespasiano
1686 838 2094 916 permisisset:
2135 837 2202 897 in
2245 858 2390 897 eun-

487 938 632 995 dem
658 936 916 995 modum
946 946 1010 994 et
1039 933 1364 994 Mucianus
1396 936 1743 1013 composuit
1785 934 2079 1013 epistolas
2102 953 2120 1009 3
2163 933 2389 1013 quibus

484 1034 842 1111 plerumque
894 1032 1087 1090 fidere
1135 1029 1448 1101 Vitellius,
1498 1050 1568 1089 ac
1623 1031 1703 1090 de
1744 1050 2002 1090 numero
2045 1050 2387 1103 servorum,

489 1128 788 1189 electione
831 1129 1082 1188 litorum
1125 1126 1311 1205 loqui.
1397 1127 1602 1186 Tanta
1628 1128 1892 1205 torpedo
1920 1127 2234 1187 invaserat
2262 1127 2389 1185 ani-

486 1245 675 1299 mum,
706 1234 792 1298 ut,
821 1225 872 1284 si
899 1225 1242 1304 principem
1271 1243 1417 1282 eum
1443 1222 1635 1282 fuisse
1678 1223 1868 1283 ceteri
1911 1242 2036 1283 non
2079 1222 2389 1283 meminis-

488 1334 644 1393 sent,
673 1322 802 1401 ipse
833 1322 1315 1382 oblivisceretur.

572 1420 668 1478 69.
738 1419 1154 1478 Praevenerat
1210 1437 1421 1476 rumor
1492 1415 1720 1495 ejurari
1777 1416 1855 1475 ab
1909 1435 1984 1476 eo
2037 1416 2387 1494 imperium,

488 1516 936 1595 scripseratque
986 1515 1238 1574 Flavius
1287 1513 1552 1573 Sabinus
1598 1512 1948 1573 cohortium
2001 1513 2266 1572 tribunis
2315 1523 2389 1574 ut

489 1612 752 1672 militem
795 1612 1168 1671 cohiberent.
1255 1609 1460 1690 Igitur
1487 1620 1783 1688 tanquam
1811 1609 2010 1668 omnis
2038 1609 2390 1688 respublica

489 1709 553 1767 in
595 1708 964 1786 Vespasiani
1019 1707 1221 1767 sinum
1277 1708 1618 1781 cecidisset,
1659 1707 1963 1785 primores
2016 1716 2268 1766 senatus
2323 1715 2390 1765 et

489 1805 764 1885 plerique
804 1806 1103 1885 equestris
1144 1805 1398 1878 ordinis,
1427 1805 1747 1884 omnisque
1790 1802 1966 1863 miles
2008 1803 2281 1862 urbanus
2323 1812 2390 1862 et

491 1901 708 1979 vigiles
763 1902 1016 1960 domum
1073 1901 1276 1959 Flavii
1333 1901 1546 1961 Sabini
1611 1903 2036 1980 complevere:
2104 1899 2252 1959 illuc
2305 1898 2387 1959 de

490 1997 713 2057 studiis
741 1998 912 2077 vulgi
955 2006 1018 2057 et
1059 1997 1242 2057 minis
1271 1998 1774 2059 Germanicarum
1818 1998 2167 2060 cohortium
2211 1995 2390 2059 affer-

490 2104 612 2154 tur.
692 2093 968 2172 Longius
1004 2095 1137 2172 jam
1175 2115 1537 2174 progressus
1585 2107 1734 2171 erat,
1777 2118 1965 2177 quam
2015 2108 2084 2158 ut
2137 2097 2390 2178 regredi

491 2199 738 2268 posset3
779 2199 842 2249 et
871 2210 981 2249 suo
1013 2190 1267 2269 quisque
1296 2202 1489 2266 metu,
1518 2213 1597 2252 ne
1628 2193 1925 2274 disjectos
1957 2187 2152 2275 eoque
2181 2194 2391 2254 minus

488 2284 729 2344 validos
757 2285 1075 2345 Vitelliani
1120 2300 1637 2364 consectarentur,
1672 2302 2067 2353 cunctantem
2110 2292 2175 2350 in
2219 2310 2391 2351 arma

487 2382 921 2461 impellebant:
963 2383 1070 2443 sed
1113 2385 1278 2463 quod
1308 2385 1368 2442 in
1399 2388 1924 2466 ejusmodi-rebus
1966 2388 2207 2461 accidit,
2235 2408 2376 2448 con-

490 2479 698 2541 silium
738 2480 815 2539 ab
856 2480 1138 2541 omnibus
1179 2481 1398 2541 datum
1440 2494 1552 2558 est,
1593 2486 1938 2564 periculum
1964 2485 2146 2564 pauci
2186 2505 2391 2564 sump-

488 2598 641 2639 sere.
699 2579 881 2639 Circa
900 2582 1101 2639 lacum
1117 2580 1401 2640 Fundani
1422 2582 1938 2643 descendentibus
1959 2583 2058 2663 qui
2087 2583 2388 2642 Sabinum

489 2675 946 2737 comitabantur
975 2677 1225 2736 armat-is
1255 2689 1588 2739 occurrunt
1630 2679 2077 2759 promptissimi
2104 2678 2390 2739 Vitellia-

486 2793 724 2833 norum.
792 2771 1111 2832 Modicum
1139 2774 1223 2833 ibi
1253 2775 1558 2853 proelium
1586 2776 1922 2854 improviso
1952 2775 2245 2849 tumultu,
2274 2776 2387 2834 sed

488 2887 850 2948 prosperum
891 2866 1246 2928 Vitellianis
1288 2869 1426 2929 fuit.
1513 2868 1776 2929 Sabinus
1816 2889 1884 2928 re
1926 2869 2190 2947 trepida,
2220 2870 2386 2948 quod

488 2963 869 3024 tutissimum
926 2983 959 3023 e
1014 2965 1457 3043 praesentibuS,
1515 2984 1720 3023 arcem
1778 2965 2072 3044 Capitolii
2137 2954 2388 3038 insedit,

487 3061 686 3122 mixto
741 3062 937 3122 milite
993 3071 1057 3122 et
1115 3063 1482 3142 quibusdam
1552 3071 1909 3121 senatorum
1969 3061 2388 3141 equitumque,

489 3179 751 3238 quorum
782 3159 1035 3220 nomina
1064 3159 1310 3219 tradere
1338 3158 1507 3216 haud
1537 3168 1892 3237 promptum
1934 3168 2046 3232 est,
2078 3158 2388 3237 quoniam,

483 3256 717 3315 victore
738 3256 1142 3338 Vespasian0‚
1172 3255 1354 3314 multi
1384 3255 1448 3313 id
1479 3254 1768 3314 meritum
1797 3274 1943 3333 erga
1970 3263 2179 3333 partes
2206 3254 2390 3313 simu-

487 3353 712 3414 lavere.
796 3355 1132 3415 Subierunt
1162 3350 1470 3413 obsidium
1499 3352 1687 3411 etiam
1719 3351 2002 3424 feminae,
2030 3351 2195 3409 inter
2237 3370 2391 3429 quas

488 3450 756 3510 maxime
786 3451 1044 3530 insignis
1062 3450 1382 3510 Verulana
1404 3447 1684 3520 Gratilla,
1708 3467 1903 3526 neque
1932 3447 2156 3506 liberos
2185 3467 2389 3526 neque

488 3547 867 3625 propinquos
907 3547 1016 3606 sed
1056 3546 1289 3606 bellum
1337 3553 1566 3604 sccuta.
1649 3542 2025 3603 Vitellianus
2078 3543 2255 3603 miles
2278 3563 2392 3603 .so-
