<?xml version="1.0" encoding="UTF-8"?>
<!DOCTYPE html PUBLIC "-//W3C//DTD XHTML 1.0 Transitional//EN"
    "http://www.w3.org/TR/xhtml1/DTD/xhtml1-transitional.dtd">
<html xmlns="http://www.w3.org/1999/xhtml" xml:lang="en" lang="en">
 <head>
  <title>
</title>
<meta http-equiv="Content-Type" content="text/html;charset=utf-8" />
  <meta name='ocr-system' content='tesseract 3.04.00' />
  <meta name='ocr-capabilities' content='ocr_page ocr_carea ocr_par ocr_line ocrx_word'/>
</head>
<body>
  <div class='ocr_page' id='page_1' title='image "./excerptatacitia00chamgoog_0176.png"; bbox 0 0 2738 4048; ppageno 0'>
   <div class='ocr_carea' id='block_1_1' title="bbox 351 221 1781 288">
    <p class='ocr_par' dir='ltr' id='par_1_1' title="bbox 351 221 1781 288">
     <span class='ocr_line' id='line_1_1' title="bbox 351 221 1781 288; baseline -0.003 -2"><span class='ocrx_word' id='word_1_1' title='bbox 351 221 480 288; x_wconf 84' lang='lat'>142</span> <span class='ocrx_word' id='word_1_2' title='bbox 906 236 1308 286; x_wconf 75' lang='lat' dir='ltr'>EXCERPTA</span> <span class='ocrx_word' id='word_1_3' title='bbox 1350 235 1781 284; x_wconf 79' lang='lat' dir='ltr'>TAOITIANA.</span> 
     </span>
    </p>
   </div>
   <div class='ocr_carea' id='block_1_2' title="bbox 344 391 2360 1733">
    <p class='ocr_par' dir='ltr' id='par_1_2' title="bbox 457 391 2360 473">
     <span class='ocr_line' id='line_1_2' title="bbox 457 391 2360 473; baseline 0 -20"><span class='ocrx_word' id='word_1_4' title='bbox 457 393 749 473; x_wconf 90' lang='lat' dir='ltr'>diumque</span> <span class='ocrx_word' id='word_1_5' title='bbox 779 392 1051 472; x_wconf 91' lang='lat' dir='ltr'>partium</span> <span class='ocrx_word' id='word_1_6' title='bbox 1079 392 1453 471; x_wconf 80' lang='lat' dir='ltr'>praetendit,</span> <span class='ocrx_word' id='word_1_7' title='bbox 1470 392 1672 451; x_wconf 88' lang='lat' dir='ltr'>missis</span> <span class='ocrx_word' id='word_1_8' title='bbox 1700 410 1847 451; x_wconf 88' lang='lat' dir='ltr'>sane</span> <span class='ocrx_word' id='word_1_9' title='bbox 1877 391 1957 450; x_wconf 88' lang='lat' dir='ltr'>ad</span> <span class='ocrx_word' id='word_1_10' title='bbox 1986 410 2129 450; x_wconf 90' lang='lat' dir='ltr'>eum</span> <span class='ocrx_word' id='word_1_11' title='bbox 2156 391 2360 453; x_wconf 82' lang='lat' dir='ltr'>Primi</span> 
     </span>
    </p>

    <p class='ocr_par' dir='ltr' id='par_1_3' title="bbox 454 487 2360 568">
     <span class='ocr_line' id='line_1_3' title="bbox 454 487 2360 568; baseline 0 -18"><span class='ocrx_word' id='word_1_12' title='bbox 454 491 719 550; x_wconf 79' lang='lat' dir='ltr'>Antonii</span> <span class='ocrx_word' id='word_1_13' title='bbox 747 490 962 562; x_wconf 90' lang='lat' dir='ltr'>literis,</span> <span class='ocrx_word' id='word_1_14' title='bbox 987 490 1207 568; x_wconf 87' lang='lat' dir='ltr'>quibus</span> <span class='ocrx_word' id='word_1_15' title='bbox 1238 498 1514 547; x_wconf 90' lang='lat' dir='ltr'>avertere</span> <span class='ocrx_word' id='word_1_16' title='bbox 1544 488 1743 547; x_wconf 86' lang='lat' dir='ltr'>accita</span> <span class='ocrx_word' id='word_1_17' title='bbox 1772 507 1809 547; x_wconf 92' lang='lat' dir='ltr'>a</span> <span class='ocrx_word' id='word_1_18' title='bbox 1836 487 2098 548; x_wconf 88' lang='lat' dir='ltr'>Vitellio</span> <span class='ocrx_word' id='word_1_19' title='bbox 2129 491 2360 550; x_wconf 83' lang='lat' dir='ltr'>auxilia</span> 
     </span>
    </p>

    <p class='ocr_par' dir='ltr' id='par_1_4' title="bbox 457 585 2360 667">
     <span class='ocr_line' id='line_1_4' title="bbox 457 585 2360 667; baseline -0.001 -19"><span class='ocrx_word' id='word_1_20' title='bbox 457 599 520 649; x_wconf 91' lang='lat' dir='ltr'>et</span> <span class='ocrx_word' id='word_1_21' title='bbox 547 590 851 649; x_wconf 91' lang='lat' dir='ltr'>tumultus</span> <span class='ocrx_word' id='word_1_22' title='bbox 882 586 1232 647; x_wconf 84' lang='lat' dir='ltr'>Germanici</span> <span class='ocrx_word' id='word_1_23' title='bbox 1275 585 1477 663; x_wconf 88' lang='lat' dir='ltr'>specie</span> <span class='ocrx_word' id='word_1_24' title='bbox 1518 594 1828 644; x_wconf 79' lang='lat' dir='ltr'>retentare</span> <span class='ocrx_word' id='word_1_25' title='bbox 1873 585 2148 663; x_wconf 82' lang='lat' dir='ltr'>legiones</span> <span class='ocrx_word' id='word_1_26' title='bbox 2185 587 2360 667; x_wconf 83' lang='lat' dir='ltr'>jube-</span> 
     </span>
    </p>

    <p class='ocr_par' dir='ltr' id='par_1_5' title="bbox 453 681 2359 759">
     <span class='ocr_line' id='line_1_5' title="bbox 453 681 2359 759; baseline -0.001 -14"><span class='ocrx_word' id='word_1_27' title='bbox 453 686 655 745; x_wconf 80' lang='lat' dir='ltr'>batur.</span> <span class='ocrx_word' id='word_1_28' title='bbox 739 684 976 741; x_wconf 87' lang='lat' dir='ltr'>Eadem</span> <span class='ocrx_word' id='word_1_29' title='bbox 1020 682 1420 741; x_wconf 76' lang='lat' dir='ltr'>Hordeonius</span> <span class='ocrx_word' id='word_1_30' title='bbox 1464 681 1724 755; x_wconf 87' lang='lat' dir='ltr'>Flaccus</span> <span class='ocrx_word' id='word_1_31' title='bbox 1771 700 2062 759; x_wconf 86' lang='lat' dir='ltr'>praesens</span> <span class='ocrx_word' id='word_1_32' title='bbox 2109 704 2359 744; x_wconf 88' lang='lat' dir='ltr'>monue-</span> 
     </span>
    </p>

    <p class='ocr_par' dir='ltr' id='par_1_6' title="bbox 348 777 2358 859">
     <span class='ocr_line' id='line_1_6' title="bbox 348 777 2358 859; baseline -0.001 -17"><span class='ocrx_word' id='word_1_33' title='bbox 348 797 409 843; x_wconf 86' lang='lat'>15</span> <span class='ocrx_word' id='word_1_34' title='bbox 451 791 568 855; x_wconf 89' lang='lat' dir='ltr'>rat,</span> <span class='ocrx_word' id='word_1_35' title='bbox 615 779 913 840; x_wconf 89' lang='lat' dir='ltr'>inclinato</span> <span class='ocrx_word' id='word_1_36' title='bbox 961 778 1027 837; x_wconf 93' lang='lat' dir='ltr'>in</span> <span class='ocrx_word' id='word_1_37' title='bbox 1073 777 1533 857; x_wconf 83' lang='lat' dir='ltr'>Vespasianum</span> <span class='ocrx_word' id='word_1_38' title='bbox 1588 777 1818 851; x_wconf 85' lang='lat' dir='ltr'>animO,</span> <span class='ocrx_word' id='word_1_39' title='bbox 1861 789 1925 839; x_wconf 92' lang='lat' dir='ltr'>et</span> <span class='ocrx_word' id='word_1_40' title='bbox 1981 780 2358 859; x_wconf 90' lang='lat' dir='ltr'>reipublicae</span> 
     </span>
    </p>

    <p class='ocr_par' dir='ltr' id='par_1_7' title="bbox 453 874 2359 1052">
     <span class='ocr_line' id='line_1_7' title="bbox 456 874 2359 956; baseline 0.001 -20"><span class='ocrx_word' id='word_1_41' title='bbox 456 896 619 949; x_wconf 88' lang='lat' dir='ltr'>cura,</span> <span class='ocrx_word' id='word_1_42' title='bbox 662 876 762 935; x_wconf 88' lang='lat' dir='ltr'>cui</span> <span class='ocrx_word' id='word_1_43' title='bbox 804 874 1116 934; x_wconf 81' lang='lat' dir='ltr'>excidium</span> <span class='ocrx_word' id='word_1_44' title='bbox 1159 874 1562 946; x_wconf 83' lang='lat' dir='ltr'>adventabat,</span> <span class='ocrx_word' id='word_1_45' title='bbox 1606 874 1657 934; x_wconf 92' lang='lat' dir='ltr'>si</span> <span class='ocrx_word' id='word_1_46' title='bbox 1701 875 2194 956; x_wconf 88' lang='lat' dir='ltr'>redintegratum</span> <span class='ocrx_word' id='word_1_47' title='bbox 2235 878 2359 938; x_wconf 89' lang='lat' dir='ltr'>bel·</span> 
     </span>
     <span class='ocr_line' id='line_1_8' title="bbox 453 970 2115 1052; baseline 0.001 -20"><span class='ocrx_word' id='word_1_48' title='bbox 453 974 599 1044; x_wconf 89' lang='lat' dir='ltr'>lum,</span> <span class='ocrx_word' id='word_1_49' title='bbox 627 981 691 1030; x_wconf 92' lang='lat' dir='ltr'>et</span> <span class='ocrx_word' id='word_1_50' title='bbox 719 980 816 1031; x_wconf 94' lang='lat' dir='ltr'>tot</span> <span class='ocrx_word' id='word_1_51' title='bbox 846 980 1225 1030; x_wconf 88' lang='lat' dir='ltr'>armatorum</span> <span class='ocrx_word' id='word_1_52' title='bbox 1252 971 1426 1029; x_wconf 88' lang='lat' dir='ltr'>milia</span> <span class='ocrx_word' id='word_1_53' title='bbox 1455 970 1704 1030; x_wconf 90' lang='lat' dir='ltr'>Italiam</span> <span class='ocrx_word' id='word_1_54' title='bbox 1733 972 2115 1052; x_wconf 86' lang='lat' dir='ltr'>irrupissent.</span> 
     </span>
    </p>

    <p class='ocr_par' dir='ltr' id='par_1_8' title="bbox 535 1067 2356 1146">
     <span class='ocr_line' id='line_1_9' title="bbox 535 1067 2356 1146; baseline 0.002 -19"><span class='ocrx_word' id='word_1_55' title='bbox 535 1070 631 1128; x_wconf 83' lang='lat'>62.</span> <span class='ocrx_word' id='word_1_56' title='bbox 687 1067 879 1146; x_wconf 88' lang='lat' dir='ltr'>Legio</span> <span class='ocrx_word' id='word_1_57' title='bbox 908 1077 1086 1127; x_wconf 87' lang='lat' dir='ltr'>sexta</span> <span class='ocrx_word' id='word_1_58' title='bbox 1114 1069 1394 1139; x_wconf 89' lang='lat' dir='ltr'>decuma,</span> <span class='ocrx_word' id='word_1_59' title='bbox 1425 1088 1566 1127; x_wconf 91' lang='lat' dir='ltr'>cum</span> <span class='ocrx_word' id='word_1_60' title='bbox 1607 1070 1849 1130; x_wconf 84' lang='lat' dir='ltr'>auxiliis</span> <span class='ocrx_word' id='word_1_61' title='bbox 1884 1071 2066 1130; x_wconf 90' lang='lat' dir='ltr'>simul</span> <span class='ocrx_word' id='word_1_62' title='bbox 2110 1072 2356 1145; x_wconf 88' lang='lat' dir='ltr'>deditis,</span> 
     </span>
    </p>

    <p class='ocr_par' dir='ltr' id='par_1_9' title="bbox 453 1163 2359 1249">
     <span class='ocr_line' id='line_1_10' title="bbox 453 1163 2359 1249; baseline 0.002 -24"><span class='ocrx_word' id='word_1_63' title='bbox 453 1186 491 1225; x_wconf 88' lang='lat' dir='ltr'>a</span> <span class='ocrx_word' id='word_1_64' title='bbox 531 1164 846 1225; x_wconf 86' lang='lat' dir='ltr'>Novaesio</span> <span class='ocrx_word' id='word_1_65' title='bbox 876 1164 941 1223; x_wconf 90' lang='lat' dir='ltr'>in</span> <span class='ocrx_word' id='word_1_66' title='bbox 985 1165 1292 1224; x_wconf 91' lang='lat' dir='ltr'>coloniam</span> <span class='ocrx_word' id='word_1_67' title='bbox 1336 1163 1754 1226; x_wconf 88' lang='lat' dir='ltr'>Treverorum</span> <span class='ocrx_word' id='word_1_68' title='bbox 1794 1168 2146 1248; x_wconf 86' lang='lat' dir='ltr'>transgredi</span> <span class='ocrx_word' id='word_1_69' title='bbox 2185 1169 2359 1249; x_wconf 86' lang='lat' dir='ltr'>jube-</span> 
     </span>
    </p>

    <p class='ocr_par' dir='ltr' id='par_1_10' title="bbox 452 1261 2357 1342">
     <span class='ocr_line' id='line_1_11' title="bbox 452 1261 2357 1342; baseline 0 -18"><span class='ocrx_word' id='word_1_70' title='bbox 452 1272 573 1336; x_wconf 86' lang='lat' dir='ltr'>tur,</span> <span class='ocrx_word' id='word_1_71' title='bbox 591 1262 914 1342; x_wconf 86' lang='lat' dir='ltr'>praefinita</span> <span class='ocrx_word' id='word_1_72' title='bbox 932 1261 1032 1321; x_wconf 92' lang='lat' dir='ltr'>die</span> <span class='ocrx_word' id='word_1_73' title='bbox 1054 1261 1217 1319; x_wconf 89' lang='lat' dir='ltr'>intra</span> <span class='ocrx_word' id='word_1_74' title='bbox 1236 1280 1418 1340; x_wconf 90' lang='lat' dir='ltr'>quam</span> <span class='ocrx_word' id='word_1_75' title='bbox 1442 1263 1659 1323; x_wconf 89' lang='lat' dir='ltr'>castris</span> <span class='ocrx_word' id='word_1_76' title='bbox 1679 1265 2020 1325; x_wconf 82' lang='lat' dir='ltr'>excederet.</span> <span class='ocrx_word' id='word_1_77' title='bbox 2074 1264 2357 1324; x_wconf 91' lang='lat' dir='ltr'>Medium</span> 
     </span>
    </p>

    <p class='ocr_par' dir='ltr' id='par_1_11' title="bbox 453 1342 2357 1441">
     <span class='ocr_line' id='line_1_12' title="bbox 453 1342 2357 1441; baseline 0.001 -22"><span class='ocrx_word' id='word_1_78' title='bbox 453 1380 634 1420; x_wconf 91' lang='lat' dir='ltr'>omne</span> <span class='ocrx_word' id='word_1_79' title='bbox 664 1369 909 1438; x_wconf 89' lang='lat' dir='ltr'>tempus</span> <span class='ocrx_word' id='word_1_80' title='bbox 937 1378 1048 1437; x_wconf 90' lang='lat' dir='ltr'>per</span> <span class='ocrx_word' id='word_1_81' title='bbox 1078 1358 1279 1418; x_wconf 88' lang='lat' dir='ltr'>varias</span> <span class='ocrx_word' id='word_1_82' title='bbox 1310 1379 1486 1419; x_wconf 89' lang='lat' dir='ltr'>curas</span> <span class='ocrx_word' id='word_1_83' title='bbox 1515 1342 1714 1440; x_wconf 80' lang='lat' dir='ltr'>egere,</span> <span class='ocrx_word' id='word_1_84' title='bbox 1737 1362 2169 1441; x_wconf 87' lang='lat' dir='ltr'>ignavissimus</span> <span class='ocrx_word' id='word_1_85' title='bbox 2197 1363 2357 1441; x_wconf 89' lang='lat' dir='ltr'>quis-</span> 
     </span>
    </p>

    <p class='ocr_par' dir='ltr' id='par_1_12' title="bbox 344 1456 2357 1538">
     <span class='ocr_line' id='line_1_13' title="bbox 344 1456 2357 1538; baseline 0 -20"><span class='ocrx_word' id='word_1_86' title='bbox 344 1474 375 1518; x_wconf 75' lang='grc' dir='ltr'><strong>ὅ</strong></span> <span class='ocrx_word' id='word_1_87' title='bbox 451 1478 569 1538; x_wconf 92' lang='lat' dir='ltr'>que</span> <span class='ocrx_word' id='word_1_88' title='bbox 612 1477 928 1517; x_wconf 85' lang='lat' dir='ltr'>caesorum</span> <span class='ocrx_word' id='word_1_89' title='bbox 972 1456 1137 1534; x_wconf 90' lang='lat' dir='ltr'>apud</span> <span class='ocrx_word' id='word_1_90' title='bbox 1183 1456 1424 1516; x_wconf 88' lang='lat' dir='ltr'>Vetera</span> <span class='ocrx_word' id='word_1_91' title='bbox 1465 1460 1749 1538; x_wconf 80' lang='lat' dir='ltr'>exemplo</span> <span class='ocrx_word' id='word_1_92' title='bbox 1790 1468 2108 1538; x_wconf 86' lang='lat' dir='ltr'>paventes,</span> <span class='ocrx_word' id='word_1_93' title='bbox 2137 1459 2357 1520; x_wconf 90' lang='lat' dir='ltr'>melior</span> 
     </span>
    </p>

    <p class='ocr_par' dir='ltr' id='par_1_13' title="bbox 450 1553 2356 1635">
     <span class='ocr_line' id='line_1_14' title="bbox 450 1553 2356 1635; baseline 0.001 -22"><span class='ocrx_word' id='word_1_94' title='bbox 450 1574 592 1633; x_wconf 90' lang='lat' dir='ltr'>pars</span> <span class='ocrx_word' id='word_1_95' title='bbox 613 1555 838 1613; x_wconf 89' lang='lat' dir='ltr'>rubore</span> <span class='ocrx_word' id='word_1_96' title='bbox 867 1563 932 1612; x_wconf 88' lang='lat' dir='ltr'>et</span> <span class='ocrx_word' id='word_1_97' title='bbox 962 1553 1245 1612; x_wconf 87' lang='lat' dir='ltr'>infamia:</span> <span class='ocrx_word' id='word_1_98' title='bbox 1277 1556 1457 1633; x_wconf 90' lang='lat' dir='ltr'>quale</span> <span class='ocrx_word' id='word_1_99' title='bbox 1487 1556 1642 1614; x_wconf 91' lang='lat' dir='ltr'>illud</span> <span class='ocrx_word' id='word_1_100' title='bbox 1671 1556 1836 1615; x_wconf 84' lang='lat' dir='ltr'>iter?</span> <span class='ocrx_word' id='word_1_101' title='bbox 1865 1556 2001 1635; x_wconf 92' lang='lat' dir='ltr'>quis</span> <span class='ocrx_word' id='word_1_102' title='bbox 2023 1555 2151 1614; x_wconf 85' lang='lat' dir='ltr'>dux</span> <span class='ocrx_word' id='word_1_103' title='bbox 2171 1556 2307 1615; x_wconf 84' lang='lat' dir='ltr'>viae</span> <span class='ocrx_word' id='word_1_104' title='bbox 2325 1557 2356 1615; x_wconf 81' lang='lat'>⁴?</span> 
     </span>
    </p>

    <p class='ocr_par' dir='ltr' id='par_1_14' title="bbox 451 1650 2355 1733">
     <span class='ocr_line' id='line_1_15' title="bbox 451 1650 2355 1733; baseline 0.001 -21"><span class='ocrx_word' id='word_1_105' title='bbox 451 1662 515 1712; x_wconf 92' lang='lat' dir='ltr'>et</span> <span class='ocrx_word' id='word_1_106' title='bbox 539 1652 746 1711; x_wconf 89' lang='lat' dir='ltr'>omnia</span> <span class='ocrx_word' id='word_1_107' title='bbox 774 1652 840 1710; x_wconf 93' lang='lat' dir='ltr'>in</span> <span class='ocrx_word' id='word_1_108' title='bbox 871 1650 1126 1711; x_wconf 86' lang='lat' dir='ltr'>arbitrio</span> <span class='ocrx_word' id='word_1_109' title='bbox 1156 1671 1371 1711; x_wconf 87' lang='lat' dir='ltr'>eorum</span> <span class='ocrx_word' id='word_1_110' title='bbox 1395 1672 1547 1733; x_wconf 91' lang='lat' dir='ltr'>quos</span> <span class='ocrx_word' id='word_1_111' title='bbox 1570 1654 1737 1713; x_wconf 87' lang='lat' dir='ltr'>vitae</span> <span class='ocrx_word' id='word_1_112' title='bbox 1759 1654 2047 1733; x_wconf 82' lang='lat' dir='ltr'>necisque</span> <span class='ocrx_word' id='word_1_113' title='bbox 2071 1653 2355 1714; x_wconf 87' lang='lat' dir='ltr'>dominos</span> 
     </span>
    </p>
   </div>
   <div class='ocr_carea' id='block_1_3' title="bbox 448 1748 2462 1830">
    <p class='ocr_par' dir='ltr' id='par_1_15' title="bbox 448 1748 2462 1830">
     <span class='ocr_line' id='line_1_16' title="bbox 448 1748 2462 1830; baseline 0.001 -23"><span class='ocrx_word' id='word_1_114' title='bbox 448 1748 763 1809; x_wconf 87' lang='lat' dir='ltr'>fecissent.</span> <span class='ocrx_word' id='word_1_115' title='bbox 865 1748 996 1806; x_wconf 92' lang='lat' dir='ltr'>Alii</span> <span class='ocrx_word' id='word_1_116' title='bbox 1052 1750 1224 1809; x_wconf 89' lang='lat' dir='ltr'>nulla</span> <span class='ocrx_word' id='word_1_117' title='bbox 1281 1750 1604 1810; x_wconf 87' lang='lat' dir='ltr'>dedecoris</span> <span class='ocrx_word' id='word_1_118' title='bbox 1661 1770 1806 1811; x_wconf 91' lang='lat' dir='ltr'>cura</span> <span class='ocrx_word' id='word_1_119' title='bbox 1860 1751 2186 1830; x_wconf 89' lang='lat' dir='ltr'>pecuniam</span> <span class='ocrx_word' id='word_1_120' title='bbox 2241 1760 2353 1810; x_wconf 89' lang='lat' dir='ltr'>aut</span> <span class='ocrx_word' id='word_1_121' title='bbox 2457 1822 2462 1826; x_wconf 20' lang='grc' dir='ltr'>ι</span> 
     </span>
    </p>
   </div>
   <div class='ocr_carea' id='block_1_4' title="bbox 344 1843 2353 2216">
    <p class='ocr_par' dir='ltr' id='par_1_16' title="bbox 344 1843 2353 2216">
     <span class='ocr_line' id='line_1_17' title="bbox 453 1843 2350 1928; baseline 0 -24"><span class='ocrx_word' id='word_1_122' title='bbox 453 1843 766 1904; x_wconf 89' lang='lat' dir='ltr'>carissima</span> <span class='ocrx_word' id='word_1_123' title='bbox 815 1844 1064 1905; x_wconf 89' lang='lat' dir='ltr'>sibimet</span> <span class='ocrx_word' id='word_1_124' title='bbox 1111 1846 1231 1925; x_wconf 91' lang='lat' dir='ltr'>ipsi</span> <span class='ocrx_word' id='word_1_125' title='bbox 1278 1846 1696 1917; x_wconf 87' lang='lat' dir='ltr'>circumdare;</span> <span class='ocrx_word' id='word_1_126' title='bbox 1752 1847 2004 1928; x_wconf 89' lang='lat' dir='ltr'>quidam</span> <span class='ocrx_word' id='word_1_127' title='bbox 2057 1846 2350 1926; x_wconf 82' lang='lat' dir='ltr'>expedire</span> 
     </span>
     <span class='ocr_line' id='line_1_18' title="bbox 344 1941 2352 2024; baseline 0 -24"><span class='ocrx_word' id='word_1_128' title='bbox 344 1955 403 2000; x_wconf 90' lang='lat'>10</span> <span class='ocrx_word' id='word_1_129' title='bbox 445 1959 617 2000; x_wconf 89' lang='lat' dir='ltr'>arma</span> <span class='ocrx_word' id='word_1_130' title='bbox 651 1941 912 2020; x_wconf 90' lang='lat' dir='ltr'>telisque</span> <span class='ocrx_word' id='word_1_131' title='bbox 957 1952 1255 2022; x_wconf 87' lang='lat' dir='ltr'>tanquam</span> <span class='ocrx_word' id='word_1_132' title='bbox 1284 1944 1349 2004; x_wconf 93' lang='lat' dir='ltr'>in</span> <span class='ocrx_word' id='word_1_133' title='bbox 1383 1944 1577 2003; x_wconf 88' lang='lat' dir='ltr'>aciem</span> <span class='ocrx_word' id='word_1_134' title='bbox 1607 1944 1862 2024; x_wconf 86' lang='lat' dir='ltr'>accingi.</span> <span class='ocrx_word' id='word_1_135' title='bbox 1945 1943 2120 2003; x_wconf 90' lang='lat' dir='ltr'>Haec</span> <span class='ocrx_word' id='word_1_136' title='bbox 2161 1942 2352 2003; x_wconf 92' lang='lat' dir='ltr'>medi-</span> 
     </span>
     <span class='ocr_line' id='line_1_19' title="bbox 366 2038 2353 2122; baseline 0.002 -25"><span class='ocrx_word' id='word_1_137' title='bbox 366 2115 369 2118; x_wconf 16' lang='grc' dir='ltr'><strong>Δ</strong></span> <span class='ocrx_word' id='word_1_138' title='bbox 450 2038 728 2099; x_wconf 82' lang='lat' dir='ltr'>tantibus</span> <span class='ocrx_word' id='word_1_139' title='bbox 772 2038 1030 2099; x_wconf 87' lang='lat' dir='ltr'>advenit</span> <span class='ocrx_word' id='word_1_140' title='bbox 1071 2041 1501 2120; x_wconf 83' lang='lat' dir='ltr'>proficiscendi</span> <span class='ocrx_word' id='word_1_141' title='bbox 1542 2043 1714 2115; x_wconf 90' lang='lat' dir='ltr'>hora,</span> <span class='ocrx_word' id='word_1_142' title='bbox 1745 2041 2177 2122; x_wconf 84' lang='lat' dir='ltr'>expectatione</span> <span class='ocrx_word' id='word_1_143' title='bbox 2218 2040 2353 2100; x_wconf 90' lang='lat' dir='ltr'>tris-</span> 
     </span>
     <span class='ocr_line' id='line_1_20' title="bbox 449 2128 2350 2216; baseline 0 -20"><span class='ocrx_word' id='word_1_144' title='bbox 449 2135 612 2208; x_wconf 85' lang='lat' dir='ltr'>tior3</span> <span class='ocrx_word' id='word_1_145' title='bbox 668 2135 896 2214; x_wconf 90' lang='lat' dir='ltr'>quippe</span> <span class='ocrx_word' id='word_1_146' title='bbox 953 2137 1121 2196; x_wconf 88' lang='lat' dir='ltr'>intra</span> <span class='ocrx_word' id='word_1_147' title='bbox 1168 2138 1401 2197; x_wconf 90' lang='lat' dir='ltr'>vallum</span> <span class='ocrx_word' id='word_1_148' title='bbox 1460 2128 1821 2199; x_wconf 83' lang='lat' dir='ltr'>deformitas</span> <span class='ocrx_word' id='word_1_149' title='bbox 1877 2138 2044 2197; x_wconf 88' lang='lat' dir='ltr'>haud</span> <span class='ocrx_word' id='word_1_150' title='bbox 2092 2137 2350 2216; x_wconf 90' lang='lat' dir='ltr'>perinde</span> 
     </span>
    </p>
   </div>
   <div class='ocr_carea' id='block_1_5' title="bbox 449 2234 2460 2315">
    <p class='ocr_par' dir='ltr' id='par_1_17' title="bbox 449 2234 2460 2315">
     <span class='ocr_line' id='line_1_21' title="bbox 449 2234 2460 2315; baseline -0.001 -21"><span class='ocrx_word' id='word_1_151' title='bbox 449 2235 775 2295; x_wconf 89' lang='lat' dir='ltr'>notabilis:</span> <span class='ocrx_word' id='word_1_152' title='bbox 806 2235 1048 2296; x_wconf 86' lang='lat' dir='ltr'>detexit</span> <span class='ocrx_word' id='word_1_153' title='bbox 1078 2235 1483 2315; x_wconf 89' lang='lat' dir='ltr'>ignominiam</span> <span class='ocrx_word' id='word_1_154' title='bbox 1514 2255 1764 2315; x_wconf 89' lang='lat' dir='ltr'>campus</span> <span class='ocrx_word' id='word_1_155' title='bbox 1787 2244 1852 2296; x_wconf 90' lang='lat' dir='ltr'>et</span> <span class='ocrx_word' id='word_1_156' title='bbox 1873 2236 2039 2296; x_wconf 86' lang='lat' dir='ltr'>dies:</span> <span class='ocrx_word' id='word_1_157' title='bbox 2068 2234 2350 2293; x_wconf 88' lang='lat' dir='ltr'>revulsae</span> <span class='ocrx_word' id='word_1_158' title='bbox 2454 2257 2460 2262; x_wconf 91' lang='lat'>·</span> 
     </span>
    </p>
   </div>
   <div class='ocr_carea' id='block_1_6' title="bbox 337 2329 2350 3647">
    <p class='ocr_par' dir='ltr' id='par_1_18' title="bbox 448 2329 2350 2412">
     <span class='ocr_line' id='line_1_22' title="bbox 448 2329 2350 2412; baseline -0.002 -21"><span class='ocrx_word' id='word_1_159' title='bbox 448 2332 889 2411; x_wconf 91' lang='lat' dir='ltr'>imperatorum</span> <span class='ocrx_word' id='word_1_160' title='bbox 920 2332 1238 2412; x_wconf 86' lang='lat' dir='ltr'>imagines,</span> <span class='ocrx_word' id='word_1_161' title='bbox 1262 2331 1556 2393; x_wconf 89' lang='lat' dir='ltr'>indecora</span> <span class='ocrx_word' id='word_1_162' title='bbox 1584 2333 1778 2411; x_wconf 89' lang='lat' dir='ltr'>signa,</span> <span class='ocrx_word' id='word_1_163' title='bbox 1800 2330 2183 2410; x_wconf 84' lang='lat' dir='ltr'>fulgentibus</span> <span class='ocrx_word' id='word_1_164' title='bbox 2205 2329 2350 2388; x_wconf 91' lang='lat' dir='ltr'>hinc</span> 
     </span>
    </p>

    <p class='ocr_par' dir='ltr' id='par_1_19' title="bbox 342 2427 2349 2896">
     <span class='ocr_line' id='line_1_23' title="bbox 342 2427 2348 2508; baseline -0.002 -20"><span class='ocrx_word' id='word_1_165' title='bbox 342 2442 405 2490; x_wconf 84' lang='lat'>15</span> <span class='ocrx_word' id='word_1_166' title='bbox 446 2427 594 2488; x_wconf 92' lang='lat' dir='ltr'>inde</span> <span class='ocrx_word' id='word_1_167' title='bbox 626 2428 944 2489; x_wconf 85' lang='lat' dir='ltr'>Gallorum</span> <span class='ocrx_word' id='word_1_168' title='bbox 988 2430 1272 2504; x_wconf 76' lang='lat' dir='ltr'>vexillis3</span> <span class='ocrx_word' id='word_1_169' title='bbox 1315 2429 1502 2489; x_wconf 89' lang='lat' dir='ltr'>silens</span> <span class='ocrx_word' id='word_1_170' title='bbox 1544 2448 1764 2508; x_wconf 83' lang='lat' dir='ltr'>agmen</span> <span class='ocrx_word' id='word_1_171' title='bbox 1809 2438 1871 2487; x_wconf 91' lang='lat' dir='ltr'>et</span> <span class='ocrx_word' id='word_1_172' title='bbox 1913 2429 2087 2486; x_wconf 90' lang='lat' dir='ltr'>velut</span> <span class='ocrx_word' id='word_1_173' title='bbox 2126 2427 2348 2505; x_wconf 87' lang='lat' dir='ltr'>longae</span> 
     </span>
     <span class='ocr_line' id='line_1_24' title="bbox 448 2521 2349 2607; baseline -0.004 -20"><span class='ocrx_word' id='word_1_174' title='bbox 448 2526 813 2607; x_wconf 85' lang='lat' dir='ltr'>exsequiae3</span> <span class='ocrx_word' id='word_1_175' title='bbox 870 2529 998 2587; x_wconf 85' lang='lat' dir='ltr'>dux</span> <span class='ocrx_word' id='word_1_176' title='bbox 1042 2527 1341 2587; x_wconf 88' lang='lat' dir='ltr'>Claudius</span> <span class='ocrx_word' id='word_1_177' title='bbox 1387 2526 1651 2586; x_wconf 73' lang='lat' dir='ltr'>Sanctus</span> <span class='ocrx_word' id='word_1_178' title='bbox 1694 2523 1916 2584; x_wconf 85' lang='lat' dir='ltr'>effosso</span> <span class='ocrx_word' id='word_1_179' title='bbox 1960 2523 2137 2583; x_wconf 91' lang='lat' dir='ltr'>oculo</span> <span class='ocrx_word' id='word_1_180' title='bbox 2179 2521 2349 2581; x_wconf 89' lang='lat' dir='ltr'>dirus</span> 
     </span>
     <span class='ocr_line' id='line_1_25' title="bbox 447 2620 2345 2704; baseline -0.004 -21"><span class='ocrx_word' id='word_1_181' title='bbox 447 2643 573 2698; x_wconf 90' lang='lat' dir='ltr'>ore,</span> <span class='ocrx_word' id='word_1_182' title='bbox 603 2624 855 2704; x_wconf 88' lang='lat' dir='ltr'>ingenio</span> <span class='ocrx_word' id='word_1_183' title='bbox 886 2624 1165 2684; x_wconf 90' lang='lat' dir='ltr'>debilior.</span> <span class='ocrx_word' id='word_1_184' title='bbox 1249 2622 1623 2702; x_wconf 89' lang='lat' dir='ltr'>Duplicatur</span> <span class='ocrx_word' id='word_1_185' title='bbox 1664 2620 1990 2700; x_wconf 89' lang='lat' dir='ltr'>flagitium,</span> <span class='ocrx_word' id='word_1_186' title='bbox 2020 2628 2345 2697; x_wconf 83' lang='lat' dir='ltr'>postquam</span> 
     </span>
     <span class='ocr_line' id='line_1_26' title="bbox 447 2715 2343 2795; baseline -0.004 -17"><span class='ocrx_word' id='word_1_187' title='bbox 447 2720 708 2780; x_wconf 90' lang='lat' dir='ltr'>desertis</span> <span class='ocrx_word' id='word_1_188' title='bbox 737 2720 1171 2781; x_wconf 87' lang='lat' dir='ltr'>Bonnensibus</span> <span class='ocrx_word' id='word_1_189' title='bbox 1201 2719 1419 2780; x_wconf 89' lang='lat' dir='ltr'>castris</span> <span class='ocrx_word' id='word_1_190' title='bbox 1448 2718 1646 2778; x_wconf 87' lang='lat' dir='ltr'>altera</span> <span class='ocrx_word' id='word_1_191' title='bbox 1686 2737 1751 2777; x_wconf 92' lang='lat' dir='ltr'>se</span> <span class='ocrx_word' id='word_1_192' title='bbox 1794 2715 1956 2795; x_wconf 91' lang='lat' dir='ltr'>legio</span> <span class='ocrx_word' id='word_1_193' title='bbox 1998 2715 2343 2774; x_wconf 87' lang='lat' dir='ltr'>miscuerat.</span> 
     </span>
     <span class='ocr_line' id='line_1_27' title="bbox 446 2805 2344 2896; baseline -0.005 -19"><span class='ocrx_word' id='word_1_194' title='bbox 446 2815 532 2877; x_wconf 88' lang='lat' dir='ltr'>Et</span> <span class='ocrx_word' id='word_1_195' title='bbox 560 2817 818 2896; x_wconf 87' lang='lat' dir='ltr'>vulgata</span> <span class='ocrx_word' id='word_1_196' title='bbox 846 2827 1167 2895; x_wconf 87' lang='lat' dir='ltr'>captarum</span> <span class='ocrx_word' id='word_1_197' title='bbox 1195 2817 1515 2896; x_wconf 87' lang='lat' dir='ltr'>legionum</span> <span class='ocrx_word' id='word_1_198' title='bbox 1548 2805 1717 2876; x_wconf 86' lang='lat' dir='ltr'>fama</span> <span class='ocrx_word' id='word_1_199' title='bbox 1759 2811 1986 2885; x_wconf 88' lang='lat' dir='ltr'>cuncti,</span> <span class='ocrx_word' id='word_1_200' title='bbox 2017 2811 2123 2891; x_wconf 92' lang='lat' dir='ltr'>qui</span> <span class='ocrx_word' id='word_1_201' title='bbox 2162 2811 2344 2890; x_wconf 91' lang='lat' dir='ltr'>paulo</span> 
     </span>
    </p>

    <p class='ocr_par' dir='ltr' id='par_1_20' title="bbox 338 2912 2348 3379">
     <span class='ocr_line' id='line_1_28' title="bbox 338 2912 2343 2990; baseline -0.003 -19"><span class='ocrx_word' id='word_1_202' title='bbox 338 2927 400 2971; x_wconf 86' lang='lat'>20</span> <span class='ocrx_word' id='word_1_203' title='bbox 443 2922 587 2974; x_wconf 89' lang='lat' dir='ltr'>ante</span> <span class='ocrx_word' id='word_1_204' title='bbox 631 2913 1056 2973; x_wconf 88' lang='lat' dir='ltr'>Romanorum</span> <span class='ocrx_word' id='word_1_205' title='bbox 1107 2934 1331 2972; x_wconf 91' lang='lat' dir='ltr'>nomen</span> <span class='ocrx_word' id='word_1_206' title='bbox 1383 2912 1740 2984; x_wconf 88' lang='lat' dir='ltr'>horrebant,</span> <span class='ocrx_word' id='word_1_207' title='bbox 1779 2918 2211 2990; x_wconf 85' lang='lat' dir='ltr'>procurrentes</span> <span class='ocrx_word' id='word_1_208' title='bbox 2267 2926 2343 2966; x_wconf 82' lang='lat' dir='ltr'>ex</span> 
     </span>
     <span class='ocr_line' id='line_1_29' title="bbox 448 3004 2343 3090; baseline -0.003 -21"><span class='ocrx_word' id='word_1_209' title='bbox 448 3010 610 3088; x_wconf 85' lang='lat' dir='ltr'>agris</span> <span class='ocrx_word' id='word_1_210' title='bbox 657 3010 964 3090; x_wconf 85' lang='lat' dir='ltr'>tectisque</span> <span class='ocrx_word' id='word_1_211' title='bbox 1012 3019 1078 3070; x_wconf 91' lang='lat' dir='ltr'>et</span> <span class='ocrx_word' id='word_1_212' title='bbox 1127 3010 1400 3089; x_wconf 91' lang='lat' dir='ltr'>undique</span> <span class='ocrx_word' id='word_1_213' title='bbox 1446 3008 1628 3069; x_wconf 82' lang='lat' dir='ltr'>effusi</span> <span class='ocrx_word' id='word_1_214' title='bbox 1682 3006 1934 3067; x_wconf 87' lang='lat' dir='ltr'>insolito</span> <span class='ocrx_word' id='word_1_215' title='bbox 1992 3004 2343 3084; x_wconf 86' lang='lat' dir='ltr'>spectaculo</span> 
     </span>
     <span class='ocr_line' id='line_1_30' title="bbox 445 3101 2346 3181; baseline -0.004 -16"><span class='ocrx_word' id='word_1_216' title='bbox 445 3107 703 3166; x_wconf 90' lang='lat' dir='ltr'>nimium</span> <span class='ocrx_word' id='word_1_217' title='bbox 747 3107 1130 3167; x_wconf 82' lang='lat' dir='ltr'>fruebantur.</span> <span class='ocrx_word' id='word_1_218' title='bbox 1212 3106 1361 3166; x_wconf 89' lang='lat' dir='ltr'>Non</span> <span class='ocrx_word' id='word_1_219' title='bbox 1390 3106 1537 3166; x_wconf 91' lang='lat' dir='ltr'>tulit</span> <span class='ocrx_word' id='word_1_220' title='bbox 1566 3106 1665 3165; x_wconf 89' lang='lat' dir='ltr'>ala</span> <span class='ocrx_word' id='word_1_221' title='bbox 1693 3103 2022 3164; x_wconf 91' lang='lat' dir='ltr'>Picentina</span> <span class='ocrx_word' id='word_1_222' title='bbox 2048 3101 2346 3181; x_wconf 89' lang='lat' dir='ltr'>gaudium</span> 
     </span>
     <span class='ocr_line' id='line_1_31' title="bbox 444 3197 2344 3284; baseline -0.003 -24"><span class='ocrx_word' id='word_1_223' title='bbox 444 3201 800 3264; x_wconf 86' lang='lat' dir='ltr'>insultantis</span> <span class='ocrx_word' id='word_1_224' title='bbox 821 3203 1013 3284; x_wconf 86' lang='lat' dir='ltr'>vulgi,</span> <span class='ocrx_word' id='word_1_225' title='bbox 1038 3203 1384 3283; x_wconf 84' lang='lat' dir='ltr'>spretisque</span> <span class='ocrx_word' id='word_1_226' title='bbox 1417 3202 1629 3262; x_wconf 87' lang='lat' dir='ltr'>Sancti</span> <span class='ocrx_word' id='word_1_227' title='bbox 1660 3199 1978 3282; x_wconf 88' lang='lat' dir='ltr'>promissis</span> <span class='ocrx_word' id='word_1_228' title='bbox 2007 3209 2116 3258; x_wconf 89' lang='lat' dir='ltr'>aut</span> <span class='ocrx_word' id='word_1_229' title='bbox 2143 3197 2344 3270; x_wconf 89' lang='lat' dir='ltr'>minis,</span> 
     </span>
     <span class='ocr_line' id='line_1_32' title="bbox 447 3292 2348 3379; baseline -0.003 -21"><span class='ocrx_word' id='word_1_230' title='bbox 447 3297 915 3379; x_wconf 88' lang='lat' dir='ltr'>Mogontiacum</span> <span class='ocrx_word' id='word_1_231' title='bbox 944 3300 1210 3374; x_wconf 90' lang='lat' dir='ltr'>abeunt;</span> <span class='ocrx_word' id='word_1_232' title='bbox 1253 3319 1324 3358; x_wconf 87' lang='lat' dir='ltr'>ac</span> <span class='ocrx_word' id='word_1_233' title='bbox 1362 3299 1518 3358; x_wconf 88' lang='lat' dir='ltr'>forte</span> <span class='ocrx_word' id='word_1_234' title='bbox 1559 3298 1744 3358; x_wconf 91' lang='lat' dir='ltr'>obvio</span> <span class='ocrx_word' id='word_1_235' title='bbox 1787 3295 2191 3358; x_wconf 85' lang='lat' dir='ltr'>interfectore</span> <span class='ocrx_word' id='word_1_236' title='bbox 2221 3292 2348 3352; x_wconf 92' lang='lat' dir='ltr'>Vo-</span> 
     </span>
    </p>

    <p class='ocr_par' dir='ltr' id='par_1_21' title="bbox 337 3391 2347 3647">
     <span class='ocr_line' id='line_1_33' title="bbox 337 3391 2347 3476; baseline -0.003 -23"><span class='ocrx_word' id='word_1_237' title='bbox 337 3407 400 3453; x_wconf 81' lang='lat'>25</span> <span class='ocrx_word' id='word_1_238' title='bbox 444 3396 615 3455; x_wconf 90' lang='lat' dir='ltr'>culae</span> <span class='ocrx_word' id='word_1_239' title='bbox 645 3395 950 3475; x_wconf 84' lang='lat' dir='ltr'>LonginO,</span> <span class='ocrx_word' id='word_1_240' title='bbox 982 3396 1274 3476; x_wconf 87' lang='lat' dir='ltr'>conjectis</span> <span class='ocrx_word' id='word_1_241' title='bbox 1302 3395 1366 3454; x_wconf 93' lang='lat' dir='ltr'>in</span> <span class='ocrx_word' id='word_1_242' title='bbox 1400 3415 1541 3454; x_wconf 90' lang='lat' dir='ltr'>eum</span> <span class='ocrx_word' id='word_1_243' title='bbox 1569 3394 1712 3454; x_wconf 90' lang='lat' dir='ltr'>telis</span> <span class='ocrx_word' id='word_1_244' title='bbox 1739 3393 1990 3453; x_wconf 90' lang='lat' dir='ltr'>initium</span> <span class='ocrx_word' id='word_1_245' title='bbox 2032 3391 2347 3452; x_wconf 85' lang='lat' dir='ltr'>exsolven-</span> 
     </span>
     <span class='ocr_line' id='line_1_34' title="bbox 446 3489 2346 3570; baseline -0.003 -21"><span class='ocrx_word' id='word_1_246' title='bbox 446 3490 561 3550; x_wconf 86' lang='lat' dir='ltr'>dae</span> <span class='ocrx_word' id='word_1_247' title='bbox 591 3492 653 3550; x_wconf 92' lang='lat' dir='ltr'>in</span> <span class='ocrx_word' id='word_1_248' title='bbox 685 3504 999 3569; x_wconf 88' lang='lat' dir='ltr'>posterum</span> <span class='ocrx_word' id='word_1_249' title='bbox 1043 3495 1261 3570; x_wconf 88' lang='lat' dir='ltr'>culpae</span> <span class='ocrx_word' id='word_1_250' title='bbox 1304 3491 1545 3550; x_wconf 87' lang='lat' dir='ltr'>fecere:</span> <span class='ocrx_word' id='word_1_251' title='bbox 1589 3489 1866 3569; x_wconf 90' lang='lat' dir='ltr'>legiones</span> <span class='ocrx_word' id='word_1_252' title='bbox 1907 3489 2062 3549; x_wconf 92' lang='lat' dir='ltr'>nihil</span> <span class='ocrx_word' id='word_1_253' title='bbox 2102 3494 2346 3547; x_wconf 90' lang='lat' dir='ltr'>mutato</span> 
     </span>
     <span class='ocr_line' id='line_1_35' title="bbox 447 3585 1945 3647; baseline 0.002 -4"><span class='ocrx_word' id='word_1_254' title='bbox 447 3585 671 3644; x_wconf 88' lang='lat' dir='ltr'>itinere</span> <span class='ocrx_word' id='word_1_255' title='bbox 702 3597 846 3646; x_wconf 88' lang='lat' dir='ltr'>ante</span> <span class='ocrx_word' id='word_1_256' title='bbox 873 3588 1118 3647; x_wconf 90' lang='lat' dir='ltr'>moenia</span> <span class='ocrx_word' id='word_1_257' title='bbox 1145 3587 1559 3647; x_wconf 87' lang='lat' dir='ltr'>Treverorum</span> <span class='ocrx_word' id='word_1_258' title='bbox 1592 3586 1945 3647; x_wconf 87' lang='lat' dir='ltr'>considunt.</span> 
     </span>
    </p>
   </div>
  </div>
 </body>
</html>
