2738 4048
817 232 1216 317 msmoRIAR
1225 266 1330 314 ΠΜ
1375 266 1596 314 LIBER
1640 267 1972 317 TERtrms.
2267 259 2394 323 133

391 426 668 487 Ocriculi
693 446 806 507 per
834 425 1030 486 otium
1060 424 1352 504 agitabat.
1411 424 1610 485 Causa
1637 433 1767 485 tam
1795 445 2025 505 pravae
2054 448 2283 505 morae,

390 533 462 584 ut
481 524 843 584 Mucianum
866 522 1312 602 opperirentur.
1373 521 1510 580 Nec
1528 521 1785 581 defuere
1808 523 1914 602 qui
1938 524 2288 587 Antonium

391 622 837 701 suspicionibus
906 629 1253 700 arguerent,
1309 629 1606 698 tanquam
1675 621 1823 681 dolo
1891 632 2292 685 cunctantem

389 730 531 797 post
574 728 841 778 secretas
883 716 1128 787 Vitellii
1172 716 1486 795 epistolas,
1530 717 1751 796 quibus
1794 721 2184 780 consulatum
2225 730 2292 782 et

390 815 663 873 nubilem
718 814 908 872 filiam
964 822 1028 871 et
1084 813 1323 871 dotales
1380 832 1527 891 opes
1582 815 1852 892 pretium
1919 816 2291 895 proditionis

393 909 711 969 offerebat.
793 909 924 968 Alii
951 909 1098 967 ficta
1127 910 1278 968 hacc
1307 917 1372 967 et
1411 908 1476 967 in
1518 900 1785 988 gratiam
1812 911 2086 972 Muciani
2129 933 2288 973 com-

389 1006 629 1084 posita3
685 1005 937 1085 quidam
982 1004 1257 1064 omnium
1307 1004 1373 1063 id
1425 1005 1656 1066 ducum
1706 1009 2031 1069 consilium
2077 1010 2287 1084 fuisse,

391 1112 701 1161 ostentare
757 1100 964 1179 potius
1022 1100 1158 1159 urbi
1213 1100 1447 1160 bellum
1502 1122 1687 1181 quam
1743 1104 1994 1178 inferre,
2044 1107 2291 1185 quando

393 1197 806 1257 validissimae
835 1199 1119 1257 cohortes
1148 1216 1184 1256 a
1204 1197 1468 1258 Vitellio
1500 1200 1919 1274 descivissent,
1945 1212 2008 1260 et
2039 1202 2290 1262 abscisis

392 1292 672 1351 omnibus
727 1291 1046 1370 praesidiis
1103 1309 1382 1352 cessurus
1438 1294 1700 1372 imperio
1756 1294 2120 1355 videbatur:
2176 1296 2287 1355 sed

393 1397 615 1446 cuncta
643 1387 1058 1461 festinatione,
1080 1387 1306 1447 deinde
1336 1389 1589 1469 ignavia
1613 1390 1825 1450 Sabini
1855 1400 2157 1469 corrupta,
2181 1391 2286 1470 qui

390 1484 652 1562 sumptis
680 1493 913 1543 temere
944 1485 1131 1543 armis
1161 1486 1637 1546 munitissimam
1670 1486 1961 1565 Capitolii
1989 1506 2191 1546 arcem
2223 1495 2286 1546 et

391 1599 468 1640 ne
496 1580 736 1659 magnis
766 1580 1019 1660 quidem
1061 1582 1436 1642 exercitibus
1478 1583 1952 1661 expugnabilem
1995 1583 2288 1642 adversus

391 1685 516 1737 tres
567 1678 852 1737 cohortes
894 1677 1058 1738 tueri
1108 1679 1521 1758 nequivisset:
1570 1678 1737 1737 haud
1776 1678 1956 1738 'facile
2006 1680 2138 1758 quis
2182 1678 2290 1739 uni

2336 1121 2395 1166 10

2330 1597 2392 1643 15

392 1773 800 1854 assignaverit
869 1776 1134 1856 culpam,
1192 1795 1347 1855 quae
1419 1775 1694 1834 omnium
1761 1775 1902 1834 fuit.
1954 1775 2158 1844 ⁴Nam
2225 1784 2290 1853 et
2356 1818 2359 1821 Δ

389 1871 715 1932 Mucianus
772 1872 1078 1952 ambiguis
1135 1871 1416 1951 epistolis
1472 1871 1737 1930 victores
1795 1872 2166 1944 morabatur,
2223 1881 2289 1931 et

390 1970 704 2031 Antonius
745 1979 1144 2051 praepostero
1185 1967 1496 2048 obsequio,
1537 1969 1639 2028 vel
1680 1968 1830 2027 dum
1871 1967 2100 2046 regerit
2140 1968 2292 2028 invi-

392 2068 579 2142 diam,
621 2068 852 2148 crimen
877 2067 1154 2142 -meruit3
1199 2066 1507 2146 ceterique
1550 2066 1738 2125 duces
1779 2065 1930 2124 dum
1969 2075 2290 2144 peractum

391 2165 622 2225 bellum
651 2173 892 2244 putant,
919 2165 1106 2223 finem
1137 2165 1269 2242 ejus
1308 2161 1709 2242 insignivere:
1751 2182 1828 2221 ne
1859 2161 2121 2222 Petilius
2165 2162 2291 2242 qui-

395 2261 535 2320 dem
567 2261 841 2334 CerialiS,
872 2281 1012 2320 cum
1039 2261 1208 2320 mille
1239 2260 1548 2339 equitibus
1576 2258 1960 2337 praemissus,
1988 2268 2059 2319 ut
2099 2268 2293 2319 trans-

391 2357 584 2417 versis
613 2357 939 2416 itineribus
968 2377 1078 2435 per
1106 2376 1323 2436 agrum
1355 2356 1654 2415 Sabinum
1685 2355 1917 2415 Salaria
1944 2356 2047 2414 via
2073 2356 2287 2415 urbem

393 2453 699 2526 introiret,
756 2453 904 2512 satis
958 2457 1400 2525 maturaverat,
1457 2452 1655 2511 donec
1710 2452 1938 2511 obsessi
1996 2451 2289 2531 Capitolii

393 2549 561 2608 fama
602 2559 856 2608 cunctos
897 2549 1078 2607 simul
1122 2550 1375 2609 exciret.

477 2646 571 2704 79.
640 2645 955 2703 Antonius
995 2664 1109 2723 per
1138 2645 1511 2705 Flaminiam
1543 2645 1623 2704 ad
1655 2644 1819 2703 Saxa
1860 2644 2046 2703 rubra
2085 2644 2283 2703 multo

385 2740 518 2820 jam
566 2740 769 2800 noctis
824 2760 1028 2799 serum
1078 2742 1374 2800 auxilium
1425 2742 1615 2802 venit.
1698 2740 1837 2800 Illic
1891 2739 2291 2800 interfectum

399 2839 715 2912 Sabinum,
773 2839 1180 2918 conflagrasse
1250 2842 1648 2920 Capitolium,
1718 2851 1984 2901 tremere
2052 2839 2285 2913 urbem,

395 2946 630 2995 maesta
658 2936 864 2994 omnia
894 2936 1165 3012 accepit3
1207 2938 1451 3014 plebem
1493 2957 1737 3017 quoque
1782 2946 1846 2996 et
1889 2935 2140 2996 servitia
2180 2955 2291 3013 pro

397 3032 660 3091 Vitellio
690 3031 914 3089 armari
941 3033 1379 3092 nuntiabatur:
1409 3044 1472 3093 et
1501 3034 1730 3094 Petilio
1756 3032 1982 3093 Ceriali
2011 3041 2290 3111 equestre

396 3127 693 3206 proelium
735 3127 1062 3185 adversum
1105 3128 1345 3203 fuerat3
1396 3151 1659 3210 namque
1701 3132 2019 3189 incautum
2061 3138 2126 3187 et
2165 3137 2294 3187 tan-

398 3243 582 3303 quam
623 3224 702 3281 ad
746 3222 945 3282 victos
985 3235 1269 3283 ruentem
1311 3225 1656 3299 Vitelliani,
1685 3226 2053 3306 interjectus
2097 3223 2290 3302 equiti

397 3320 603 3398 pedeS,
647 3338 958 3397 excepere.
1040 3320 1402 3399 Pugnatum
1443 3322 1609 3380 haud
1653 3323 1869 3399 procul
1925 3322 2075 3381 urbe
2131 3321 2295 3379 inter

398 3416 676 3474 aedificia
721 3415 1056 3495 hortosque
1113 3427 1178 3476 et
1233 3417 1547 3477 anfractus
1592 3418 1850 3491 viarum,
1896 3438 2051 3497 quae
2099 3438 2295 3498 gnara

2333 2081 2397 2127 20

2333 2563 2394 2607 25

397 3511 773 3586 Vitellianis,
789 3510 1174 3592 incomperta
1194 3514 1474 3574 hostibus
1497 3527 1734 3574 metum
1757 3513 2068 3575 fecerant:
2097 3534 2297 3596 neque
2342 3530 2398 3575 10
