2738 4048
427 291 553 355 126
1047 304 1439 354 ExcERP'rA
1482 302 1908 353 ΤΑΟῙΤῙΑΝΑ.

534 464 642 525 ubi
684 463 945 538 enotuit,
974 482 1011 523 a
1037 463 1402 543 propinquis
1432 463 1832 542 affinibusque
1875 461 2120 522 occulte
2160 460 2445 540 redemp-

537 562 847 621 tabantur.
946 560 1099 619 Mox
1148 560 1338 619 rediit
1390 561 1761 620 Cremonam
1815 559 2087 637 reliquus
2135 557 2443 636 populus:

428 672 490 718 15
532 659 798 737 reposita
841 657 970 717 fora
1011 658 1364 736 templaque
1407 655 1869 735 magnificentia
1909 654 2331 734 municipum3
2374 662 2444 714 et

533 753 954 833 Vespasianus
981 754 1368 813 hortabatur.

617 850 712 908 35.
786 850 1082 908 Ceterum
1131 851 1400 909 assidere
1455 849 1735 928 sepultae
1782 848 1953 909 urbis
1999 847 2195 908 ruinis
2251 848 2443 909 noxia

534 940 682 1005 tabo
710 946 935 1004 humus
975 946 1142 1004 haud
1186 946 1295 1004 diu
1336 946 1636 1026 permisit.
1718 946 1827 1006 Ad
1868 945 2123 1006 tertium
2163 946 2440 1024 lapidem

533 1041 842 1121 progressi
883 1062 1075 1121 vagos
1117 1051 1539 1121 paventesque
1569 1042 1963 1117 Vitellianos,
1994 1062 2105 1102 sua
2133 1061 2439 1122 quemque

536 1139 701 1216 apud
730 1138 925 1217 signa,
956 1147 1367 1218 componunt;
1398 1149 1461 1198 et
1488 1139 1693 1199 victae
1721 1139 1995 1219 legiones
2022 1158 2122 1213 ne,
2144 1147 2440 1198 manente

427 1249 458 1296 5
533 1236 737 1295 adhuc
766 1235 935 1294 civili
962 1236 1145 1310 bello,
1175 1235 1463 1314 ambigue
1496 1243 1772 1314 agerent,
1802 1255 1913 1315 per
1954 1235 2280 1314 Illyricum
2320 1235 2442 1294 dis-

533 1351 765 1411 persae.
867 1331 945 1391 In
1000 1331 1391 1391 Britanniam
1457 1332 1606 1391 inde
1663 1341 1727 1392 et
1782 1332 2116 1411 Hispanias
2184 1331 2440 1391 nuntios

533 1429 904 1507 famamque,
945 1428 1010 1487 in
1055 1427 1321 1487 Galliam
1361 1428 1603 1488 Julium
1646 1430 1948 1490 Calenum
1990 1428 2331 1502 tribunum,
2373 1428 2440 1487 in

536 1525 931 1586 Germaniam
959 1524 1287 1603 Alpinium
1317 1524 1692 1585 Monta'num
1724 1524 2107 1603 praefectum
2147 1524 2441 1599 cohortis,

535 1623 703 1702 quod
746 1621 848 1682 hic
891 1621 1132 1695 Trevir,
1175 1622 1443 1682 Calenus
1485 1621 1762 1696 Aeduus,
1807 1631 2067 1700 uterque
2109 1620 2443 1681 Vitelliani

429 1733 492 1781 10
531 1720 794 1794 fuerant,
827 1719 1101 1781 ostentui
1128 1718 1369 1778 misere.
1432 1718 1629 1778 Simul
1658 1718 1957 1778 transitus
1985 1717 2241 1796 Alpium
2269 1736 2443 1797 prae-

533 1817 706 1878 sidiis
729 1816 1031 1897 occupati,
1054 1826 1341 1896 suspecta
1362 1815 1712 1892 Germania,
1733 1824 2032 1895 tanquam
2051 1815 2116 1875 in
2139 1814 2442 1874 auxilium

534 1915 779 1975 Vitellii
809 1915 1254 1994 accingeretur.
1850 1904 1857 1911 ’

616 2015 713 2075 36.
782 2015 877 2075 At
930 2015 1226 2077 Vitellius
1292 2013 1575 2096 profecto
1633 2012 1916 2090 Caecina,
1974 2032 2113 2074 cum
2169 2010 2440 2074 Fabium

534 2109 871 2172 Valentem
912 2114 1123 2191 paucis
1179 2122 1323 2192 post
1374 2114 1593 2174 diebus
1648 2113 1728 2172 ad
1782 2112 2017 2172 bellum
2070 2111 2439 2193 impulisset,

539 2208 702 2267 curis
727 2199 947 2268 luxum
973 2210 1387 2271 obtendebat:
1415 2231 1542 2273 non
1563 2229 1782 2291 parare
1805 2229 1996 2285 arma,
2017 2230 2145 2270 non
2167 2209 2440 2290 alloquio

538 2304 955 2385 exercitioque
997 2307 1262 2367 militem
1301 2308 1564 2383 firmare,
1597 2329 1720 2367 non
1761 2308 1827 2367 in
1872 2327 1978 2367 ore
2019 2308 2193 2387 vulgi
2234 2327 2438 2387 agere,

431 2413 463 2460 5
541 2401 650 2461 sed
680 2402 1051 2464 umbraculis
1090 2405 1414 2464 hortorum
1457 2405 1720 2478 abditus,
1752 2413 1821 2464 ut
1861 2405 2090 2484 ignava
2132 2404 2439 2479 animalia,

536 2498 757 2578 quibus
786 2499 839 2560 si
865 2500 1070 2560 cibum
1099 2520 1410 2582 suggeraS,
1423 2502 1637 2582 jacent
1660 2510 2056 2581 torpentque‚
2078 2500 2437 2581 praeterita,

534 2594 850 2672 instantia,
915 2596 1149 2672 futura,
1217 2598 1354 2677 pari
1425 2598 1734 2658 oblivione
1803 2597 2140 2657 dimiserat.
2221 2597 2437 2675 Atque

535 2692 732 2768 illum,
761 2693 826 2753 in
869 2713 1118 2754 nemore
1147 2695 1409 2755 Aricino
1452 2694 1730 2759 desidem
1772 2704 1836 2754 et
1878 2703 2275 2767 marcentem,
2304 2713 2440 2772 pro-

536 2789 693 2849 ditio
722 2788 946 2849 Lucilii
989 2790 1166 2850 Bassi
1195 2785 1281 2849 ⁴ac
1323 2791 1590 2851 defectio
1635 2791 1843 2850 classis
1881 2789 2264 2850 Ravennatis
2304 2809 2439 2869 per-

430 2898 491 2943 10
533 2885 719 2961 culit3
748 2906 861 2946 nec
889 2888 1085 2947 multo
1114 2896 1256 2965 post
1279 2887 1355 2946 de
1382 2887 1647 2947 Caecina
1670 2886 1930 2947 affertur
1951 2886 2183 2947 mixtus
2203 2886 2436 2965 gaudio

537 2981 733 3057 dolor,
762 2992 827 3044 et
856 2983 1187 3043 descivisse
1218 2992 1281 3043 et
1311 2984 1389 3042 ab
1418 2984 1697 3043 exercitu
1727 2983 2043 3044 vinctum:
2084 2984 2224 3062 plus
2268 2984 2437 3062 apud

485 3093 489 3104 ’
536 3080 856 3139 socordem
896 3080 1169 3139 animum
1225 3080 1465 3139 laetitia
1505 3099 1689 3158 quam
1741 3099 1887 3139 cura
1926 3080 2144 3139 valuit.
2228 3079 2438 3140 Multa

539 3193 677 3233 cum
701 3178 1112 3237 exsultatione
1136 3176 1199 3235 in
1222 3175 1436 3235 urbem
1459 3186 1762 3249 revectuS,
1783 3175 2100 3255 frequenti
2123 3176 2437 3251 concione,

535 3267 834 3346 pietatem
875 3273 1144 3332 militum
1186 3271 1470 3330 laudibus
1513 3273 1824 3346 cumulat3
1881 3271 2219 3331 Publilium
2266 3271 2438 3331 Sabi-

431 3377 491 3423 15
534 3384 684 3423 num
714 3369 1003 3445 praetorii
1045 3368 1431 3448 praefectum
1475 3368 1555 3427 ob
1599 3368 1941 3427 amicitiam
1973 3368 2276 3429 Caecinae
2303 3368 2438 3429 vin-

539 3459 649 3519 ciri
667 3462 868 3541 jubet,
898 3465 1236 3524 substituto
1265 3463 1329 3522 in
1357 3464 1563 3523 locum
1594 3465 1724 3543 ejus
1752 3464 1980 3523 Alfeno
2009 3464 2199 3524 Var0.

621 3555 716 3613 54.
785 3557 877 3615 At
931 3558 1244 3632 Vitellius,
1298 3559 1516 3621 fractis
1585 3561 1750 3639 apud
1807 3561 2178 3622 Cremonam
2229 3561 2439 3637 rebus,
