<?xml version="1.0" encoding="UTF-8"?>
<!DOCTYPE html PUBLIC "-//W3C//DTD XHTML 1.0 Transitional//EN"
    "http://www.w3.org/TR/xhtml1/DTD/xhtml1-transitional.dtd">
<html xmlns="http://www.w3.org/1999/xhtml" xml:lang="en" lang="en">
 <head>
  <title>
</title>
<meta http-equiv="Content-Type" content="text/html;charset=utf-8" />
  <meta name='ocr-system' content='tesseract 3.04.00' />
  <meta name='ocr-capabilities' content='ocr_page ocr_carea ocr_par ocr_line ocrx_word'/>
</head>
<body>
  <div class='ocr_page' id='page_1' title='image "./excerptatacitia00chamgoog_0081.png"; bbox 0 0 2738 4048; ppageno 0'>
   <div class='ocr_carea' id='block_1_1' title="bbox 803 265 1924 319">
    <p class='ocr_par' dir='ltr' id='par_1_1' title="bbox 803 265 1924 345">
     <span class='ocr_line' id='line_1_1' title="bbox 803 265 1924 319; baseline 0.003 -5"><span class='ocrx_word' id='word_1_1' title='bbox 803 265 1212 318; x_wconf 78' lang='lat' dir='ltr'>ANNALIUM</span> <span class='ocrx_word' id='word_1_2' title='bbox 1254 271 1476 318; x_wconf 80' lang='lat' dir='ltr'>LIBER</span> <span class='ocrx_word' id='word_1_3' title='bbox 1521 271 1924 319; x_wconf 80' lang='lat' dir='ltr'>SECUNDUS.</span> 
     </span>
    </p>
   </div>
   <div class='ocr_carea' id='block_1_2' title="bbox 354 410 2259 605">
    <p class='ocr_par' dir='ltr' id='par_1_2' title="bbox 354 410 2259 605">
     <span class='ocr_line' id='line_1_2' title="bbox 435 410 2259 507; baseline 0 -21"><span class='ocrx_word' id='word_1_4' title='bbox 435 425 529 486; x_wconf 82' lang='lat'>82.</span> <span class='ocrx_word' id='word_1_5' title='bbox 596 424 691 486; x_wconf 91' lang='lat' dir='ltr'>At</span> <span class='ocrx_word' id='word_1_6' title='bbox 731 425 990 501; x_wconf 89' lang='lat' dir='ltr'>Romae,</span> <span class='ocrx_word' id='word_1_7' title='bbox 1019 410 1349 507; x_wconf 81' lang='lat' dir='ltr'>postquam</span> <span class='ocrx_word' id='word_1_8' title='bbox 1387 428 1745 488; x_wconf 84' lang='lat' dir='ltr'>Germanici</span> <span class='ocrx_word' id='word_1_9' title='bbox 1783 427 2082 487; x_wconf 88' lang='lat' dir='ltr'>valetudo</span> <span class='ocrx_word' id='word_1_10' title='bbox 2124 447 2259 506; x_wconf 88' lang='lat' dir='ltr'>per-</span> 
     </span>
     <span class='ocr_line' id='line_1_3' title="bbox 354 523 2257 605; baseline -0.001 -20"><span class='ocrx_word' id='word_1_11' title='bbox 354 523 646 596; x_wconf 89' lang='lat' dir='ltr'>crebruit,</span> <span class='ocrx_word' id='word_1_12' title='bbox 677 532 1021 603; x_wconf 87' lang='lat' dir='ltr'>cunctaque</span> <span class='ocrx_word' id='word_1_13' title='bbox 1050 536 1120 585; x_wconf 90' lang='lat' dir='ltr'>ut</span> <span class='ocrx_word' id='word_1_14' title='bbox 1158 545 1236 584; x_wconf 84' lang='lat' dir='ltr'>ex</span> <span class='ocrx_word' id='word_1_15' title='bbox 1269 525 1609 605; x_wconf 88' lang='lat' dir='ltr'>longinquo</span> <span class='ocrx_word' id='word_1_16' title='bbox 1653 534 1835 584; x_wconf 91' lang='lat' dir='ltr'>aucta</span> <span class='ocrx_word' id='word_1_17' title='bbox 1874 525 1938 584; x_wconf 92' lang='lat' dir='ltr'>in</span> <span class='ocrx_word' id='word_1_18' title='bbox 1983 524 2257 584; x_wconf 90' lang='lat' dir='ltr'>deterius</span> 
     </span>
    </p>
   </div>
   <div class='ocr_carea' id='block_1_3' title="bbox 355 620 2356 701">
    <p class='ocr_par' dir='ltr' id='par_1_3' title="bbox 355 620 2356 701">
     <span class='ocr_line' id='line_1_4' title="bbox 355 620 2356 701; baseline 0.001 -20"><span class='ocrx_word' id='word_1_19' title='bbox 355 621 790 692; x_wconf 86' lang='lat' dir='ltr'>afferebantur,</span> <span class='ocrx_word' id='word_1_20' title='bbox 833 620 1030 696; x_wconf 88' lang='lat' dir='ltr'>dolor,</span> <span class='ocrx_word' id='word_1_21' title='bbox 1074 622 1183 695; x_wconf 90' lang='lat' dir='ltr'>ira,</span> <span class='ocrx_word' id='word_1_22' title='bbox 1225 630 1289 681; x_wconf 93' lang='lat' dir='ltr'>et</span> <span class='ocrx_word' id='word_1_23' title='bbox 1331 622 1738 701; x_wconf 79' lang='lat' dir='ltr'>erumpebant</span> <span class='ocrx_word' id='word_1_24' title='bbox 1780 631 2063 701; x_wconf 88' lang='lat' dir='ltr'>questus:</span> <span class='ocrx_word' id='word_1_25' title='bbox 2112 622 2254 681; x_wconf 89' lang='lat' dir='ltr'>ideo</span> <span class='ocrx_word' id='word_1_26' title='bbox 2305 677 2356 683; x_wconf 32' lang='grc' dir='ltr'>,ψ</span> 
     </span>
    </p>
   </div>
   <div class='ocr_carea' id='block_1_4' title="bbox 2279 252 2363 318">
    <p class='ocr_par' dir='ltr' id='par_1_4' title="bbox 2279 252 2363 318">
     <span class='ocr_line' id='line_1_5' title="bbox 2279 252 2363 318; baseline 0.024 -2"><span class='ocrx_word' id='word_1_27' title='bbox 2279 252 2363 318; x_wconf 88' lang='grc'>65</span> 
     </span>
    </p>
   </div>
   <div class='ocr_carea' id='block_1_5' title="bbox 2165 688 2422 725">
    <p class='ocr_par' dir='ltr' id='par_1_5' title="bbox 2165 688 2422 725">
     <span class='ocr_line' id='line_1_6' title="bbox 2165 688 2422 725; baseline -0.008 -1"><span class='ocrx_word' id='word_1_28' title='bbox 2165 688 2422 725; x_wconf 51' lang='grc' dir='ltr'><em>Μ</em></span> 
     </span>
    </p>
   </div>
   <div class='ocr_carea' id='block_1_6' title="bbox 352 686 2258 894">
    <p class='ocr_par' dir='ltr' id='par_1_6' title="bbox 352 686 2258 894">
     <span class='ocr_line' id='line_1_7' title="bbox 352 686 2258 798; baseline -0.001 -21"><span class='ocrx_word' id='word_1_29' title='bbox 352 719 641 778; x_wconf 90' lang='lat' dir='ltr'>nimirum</span> <span class='ocrx_word' id='word_1_30' title='bbox 670 719 735 777; x_wconf 92' lang='lat' dir='ltr'>in</span> <span class='ocrx_word' id='word_1_31' title='bbox 764 728 1073 778; x_wconf 84' lang='lat' dir='ltr'>extremas</span> <span class='ocrx_word' id='word_1_32' title='bbox 1102 728 1298 778; x_wconf 89' lang='lat' dir='ltr'>terras</span> <span class='ocrx_word' id='word_1_33' title='bbox 1325 686 1688 798; x_wconf 50' lang='lat' dir='ltr'>reffe‘g‘fffffiff,</span> <span class='ocrx_word' id='word_1_34' title='bbox 1709 718 1853 778; x_wconf 92' lang='lat' dir='ltr'>ideo</span> <span class='ocrx_word' id='word_1_35' title='bbox 1883 718 2097 778; x_wconf 91' lang='lat' dir='ltr'>Pisoni</span> <span class='ocrx_word' id='word_1_36' title='bbox 2123 737 2258 797; x_wconf 88' lang='lat' dir='ltr'>per-</span> 
     </span>
     <span class='ocr_line' id='line_1_8' title="bbox 352 815 2258 894; baseline 0 -20"><span class='ocrx_word' id='word_1_37' title='bbox 352 817 602 875; x_wconf 81' lang='lat' dir='ltr'>missam</span> <span class='ocrx_word' id='word_1_38' title='bbox 626 815 1044 894; x_wconf 90' lang='lat' dir='ltr'>provinciam;</span> <span class='ocrx_word' id='word_1_39' title='bbox 1082 815 1199 874; x_wconf 91' lang='lat' dir='ltr'>hoc</span> <span class='ocrx_word' id='word_1_40' title='bbox 1229 815 1428 894; x_wconf 81' lang='lat' dir='ltr'>egisse</span> <span class='ocrx_word' id='word_1_41' title='bbox 1457 824 1733 875; x_wconf 88' lang='lat' dir='ltr'>secretos</span> <span class='ocrx_word' id='word_1_42' title='bbox 1760 816 2086 894; x_wconf 78' lang='lat' dir='ltr'>Augustae</span> <span class='ocrx_word' id='word_1_43' title='bbox 2116 834 2258 874; x_wconf 89' lang='lat' dir='ltr'>cum</span> 
     </span>
    </p>
   </div>
   <div class='ocr_carea' id='block_1_7' title="bbox 240 911 2255 990">
    <p class='ocr_par' dir='ltr' id='par_1_7' title="bbox 240 911 2255 990">
     <span class='ocr_line' id='line_1_9' title="bbox 240 911 2255 990; baseline -0 -19"><span class='ocrx_word' id='word_1_44' title='bbox 240 942 249 951; x_wconf 94' lang='lat'><strong>·</strong></span> <span class='ocrx_word' id='word_1_45' title='bbox 353 912 655 972; x_wconf 83' lang='lat' dir='ltr'>Plancina</span> <span class='ocrx_word' id='word_1_46' title='bbox 695 932 1025 972; x_wconf 76' lang='lat' dir='ltr'>sermones,</span> <span class='ocrx_word' id='word_1_47' title='bbox 1109 911 1282 971; x_wconf 89' lang='lat' dir='ltr'>Vera</span> <span class='ocrx_word' id='word_1_48' title='bbox 1321 931 1572 990; x_wconf 84' lang='lat' dir='ltr'>prorsus</span> <span class='ocrx_word' id='word_1_49' title='bbox 1613 912 1694 971; x_wconf 89' lang='lat' dir='ltr'>de</span> <span class='ocrx_word' id='word_1_50' title='bbox 1734 911 1941 971; x_wconf 89' lang='lat' dir='ltr'>Druso</span> <span class='ocrx_word' id='word_1_51' title='bbox 1984 911 2255 971; x_wconf 87' lang='lat' dir='ltr'>seniores</span> 
     </span>
    </p>
   </div>
   <div class='ocr_carea' id='block_1_8' title="bbox 270 996 2255 3318">
    <p class='ocr_par' dir='ltr' id='par_1_8' title="bbox 347 996 2255 2728">
     <span class='ocr_line' id='line_1_10' title="bbox 352 996 2253 1088; baseline -0.002 -19"><span class='ocrx_word' id='word_1_52' title='bbox 352 1010 627 1070; x_wconf 89' lang='lat' dir='ltr'>locutos:</span> <span class='ocrx_word' id='word_1_53' title='bbox 669 996 999 1088; x_wconf 23' lang='lat' dir='ltr'>displicere*</span> <span class='ocrx_word' id='word_1_54' title='bbox 1022 1009 1427 1088; x_wconf 81' lang='lat' dir='ltr'>regnantibus</span> <span class='ocrx_word' id='word_1_55' title='bbox 1456 1008 1664 1068; x_wconf 87' lang='lat' dir='ltr'>civilia</span> <span class='ocrx_word' id='word_1_56' title='bbox 1690 1008 1958 1068; x_wconf 88' lang='lat' dir='ltr'>filiorum</span> <span class='ocrx_word' id='word_1_57' title='bbox 1985 1009 2253 1088; x_wconf 88' lang='lat' dir='ltr'>ingenia,</span> 
     </span>
     <span class='ocr_line' id='line_1_11' title="bbox 352 1104 2255 1193; baseline 0.001 -29"><span class='ocrx_word' id='word_1_58' title='bbox 352 1125 551 1186; x_wconf 92' lang='lat' dir='ltr'>neque</span> <span class='ocrx_word' id='word_1_59' title='bbox 592 1107 674 1166; x_wconf 91' lang='lat' dir='ltr'>ob</span> <span class='ocrx_word' id='word_1_60' title='bbox 715 1106 887 1165; x_wconf 89' lang='lat' dir='ltr'>aliud</span> <span class='ocrx_word' id='word_1_61' title='bbox 928 1104 1326 1191; x_wconf 84' lang='lat' dir='ltr'>interceptos,</span> <span class='ocrx_word' id='word_1_62' title='bbox 1373 1124 1558 1184; x_wconf 93' lang='lat' dir='ltr'>quam</span> <span class='ocrx_word' id='word_1_63' title='bbox 1601 1105 1747 1184; x_wconf 90' lang='lat' dir='ltr'>quia</span> <span class='ocrx_word' id='word_1_64' title='bbox 1786 1105 2100 1193; x_wconf 88' lang='lat' dir='ltr'>populum.</span> <span class='ocrx_word' id='word_1_65' title='bbox 2131 1104 2255 1165; x_wconf 85' lang='lat' dir='ltr'>Ro-</span> 
     </span>
     <span class='ocr_line' id='line_1_12' title="bbox 352 1201 2255 1282; baseline -0.001 -21"><span class='ocrx_word' id='word_1_66' title='bbox 352 1222 604 1261; x_wconf 91' lang='lat' dir='ltr'>manum</span> <span class='ocrx_word' id='word_1_67' title='bbox 632 1222 826 1281; x_wconf 90' lang='lat' dir='ltr'>aequo</span> <span class='ocrx_word' id='word_1_68' title='bbox 845 1203 987 1282; x_wconf 90' lang='lat' dir='ltr'>jure</span> <span class='ocrx_word' id='word_1_69' title='bbox 1018 1201 1349 1282; x_wconf 80' lang='lat' dir='ltr'>complecti</span> <span class='ocrx_word' id='word_1_70' title='bbox 1377 1201 1629 1262; x_wconf 89' lang='lat' dir='ltr'>reddita</span> <span class='ocrx_word' id='word_1_71' title='bbox 1670 1202 1955 1282; x_wconf 86' lang='lat' dir='ltr'>libertate</span> <span class='ocrx_word' id='word_1_72' title='bbox 1985 1202 2255 1280; x_wconf 88' lang='lat' dir='ltr'>agitave-</span> 
     </span>
     <span class='ocr_line' id='line_1_13' title="bbox 350 1298 2255 1380; baseline -0.001 -21"><span class='ocrx_word' id='word_1_73' title='bbox 350 1299 497 1359; x_wconf 88' lang='lat' dir='ltr'>rint.</span> <span class='ocrx_word' id='word_1_74' title='bbox 578 1299 716 1359; x_wconf 92' lang='lat' dir='ltr'>Hos</span> <span class='ocrx_word' id='word_1_75' title='bbox 742 1300 918 1380; x_wconf 90' lang='lat' dir='ltr'>vulgi</span> <span class='ocrx_word' id='word_1_76' title='bbox 943 1320 1257 1360; x_wconf 90' lang='lat' dir='ltr'>sermones</span> <span class='ocrx_word' id='word_1_77' title='bbox 1296 1299 1511 1359; x_wconf 88' lang='lat' dir='ltr'>audita</span> <span class='ocrx_word' id='word_1_78' title='bbox 1549 1318 1717 1358; x_wconf 89' lang='lat' dir='ltr'>mors</span> <span class='ocrx_word' id='word_1_79' title='bbox 1759 1298 1918 1358; x_wconf 90' lang='lat' dir='ltr'>adeo</span> <span class='ocrx_word' id='word_1_80' title='bbox 1958 1299 2255 1374; x_wconf 81' lang='lat' dir='ltr'>incendit,</span> 
     </span>
     <span class='ocr_line' id='line_1_14' title="bbox 352 1394 2254 1477; baseline -0.001 -22"><span class='ocrx_word' id='word_1_81' title='bbox 352 1405 425 1456; x_wconf 90' lang='lat' dir='ltr'>ut</span> <span class='ocrx_word' id='word_1_82' title='bbox 452 1405 597 1456; x_wconf 90' lang='lat' dir='ltr'>ante</span> <span class='ocrx_word' id='word_1_83' title='bbox 626 1397 902 1456; x_wconf 85' lang='lat' dir='ltr'>edictum</span> <span class='ocrx_word' id='word_1_84' title='bbox 927 1396 1423 1477; x_wconf 83' lang='lat' dir='ltr'>magistratuum,</span> <span class='ocrx_word' id='word_1_85' title='bbox 1447 1404 1591 1456; x_wconf 91' lang='lat' dir='ltr'>ante</span> <span class='ocrx_word' id='word_1_86' title='bbox 1621 1403 1871 1455; x_wconf 89' lang='lat' dir='ltr'>senatus</span> <span class='ocrx_word' id='word_1_87' title='bbox 1901 1394 2254 1454; x_wconf 89' lang='lat' dir='ltr'>consultum</span> 
     </span>
     <span class='ocr_line' id='line_1_15' title="bbox 352 1492 2251 1573; baseline -0.002 -19"><span class='ocrx_word' id='word_1_88' title='bbox 352 1503 599 1573; x_wconf 90' lang='lat' dir='ltr'>sumpto</span> <span class='ocrx_word' id='word_1_89' title='bbox 617 1493 864 1573; x_wconf 90' lang='lat' dir='ltr'>justitio</span> <span class='ocrx_word' id='word_1_90' title='bbox 894 1494 1324 1554; x_wconf 86' lang='lat' dir='ltr'>desererentur</span> <span class='ocrx_word' id='word_1_91' title='bbox 1350 1494 1505 1568; x_wconf 79' lang='lat' dir='ltr'>fora,</span> <span class='ocrx_word' id='word_1_92' title='bbox 1528 1492 1965 1553; x_wconf 84' lang='lat' dir='ltr'>clauderentur</span> <span class='ocrx_word' id='word_1_93' title='bbox 1992 1492 2251 1551; x_wconf 90' lang='lat' dir='ltr'>domus:</span> 
     </span>
     <span class='ocr_line' id='line_1_16' title="bbox 349 1588 2253 1670; baseline -0.001 -22"><span class='ocrx_word' id='word_1_94' title='bbox 349 1591 578 1668; x_wconf 91' lang='lat' dir='ltr'>passim</span> <span class='ocrx_word' id='word_1_95' title='bbox 605 1589 852 1650; x_wconf 90' lang='lat' dir='ltr'>silentia</span> <span class='ocrx_word' id='word_1_96' title='bbox 879 1600 944 1650; x_wconf 91' lang='lat' dir='ltr'>et</span> <span class='ocrx_word' id='word_1_97' title='bbox 969 1591 1259 1670; x_wconf 91' lang='lat' dir='ltr'>gemitus,</span> <span class='ocrx_word' id='word_1_98' title='bbox 1291 1590 1445 1650; x_wconf 92' lang='lat' dir='ltr'>nihil</span> <span class='ocrx_word' id='word_1_99' title='bbox 1487 1589 1901 1668; x_wconf 90' lang='lat' dir='ltr'>compositum</span> <span class='ocrx_word' id='word_1_100' title='bbox 1921 1646 1924 1647; x_wconf 16' lang='lat'><em>⁷</em></span> <span class='ocrx_word' id='word_1_101' title='bbox 1944 1588 2011 1647; x_wconf 91' lang='lat' dir='ltr'>in</span> <span class='ocrx_word' id='word_1_102' title='bbox 2052 1598 2253 1647; x_wconf 90' lang='lat' dir='ltr'>osten-</span> 
     </span>
     <span class='ocr_line' id='line_1_17' title="bbox 350 1684 2253 1767; baseline -0.001 -21"><span class='ocrx_word' id='word_1_103' title='bbox 350 1687 654 1746; x_wconf 89' lang='lat' dir='ltr'>tationem</span> <span class='ocrx_word' id='word_1_104' title='bbox 677 1706 695 1761; x_wconf 90' lang='lat'>;</span> <span class='ocrx_word' id='word_1_105' title='bbox 749 1695 814 1747; x_wconf 93' lang='lat' dir='ltr'>et</span> <span class='ocrx_word' id='word_1_106' title='bbox 869 1707 1220 1767; x_wconf 90' lang='lat' dir='ltr'>quanquam</span> <span class='ocrx_word' id='word_1_107' title='bbox 1267 1707 1468 1767; x_wconf 91' lang='lat' dir='ltr'>neque</span> <span class='ocrx_word' id='word_1_108' title='bbox 1509 1686 1853 1766; x_wconf 87' lang='lat' dir='ltr'>insignibus</span> <span class='ocrx_word' id='word_1_109' title='bbox 1899 1684 2253 1762; x_wconf 88' lang='lat' dir='ltr'>lugentium</span> 
     </span>
     <span class='ocr_line' id='line_1_18' title="bbox 352 1781 2255 1860; baseline 0 -18"><span class='ocrx_word' id='word_1_110' title='bbox 352 1783 751 1858; x_wconf 90' lang='lat' dir='ltr'>abstinerent,</span> <span class='ocrx_word' id='word_1_111' title='bbox 781 1784 966 1845; x_wconf 89' lang='lat' dir='ltr'>altius</span> <span class='ocrx_word' id='word_1_112' title='bbox 995 1784 1216 1844; x_wconf 90' lang='lat' dir='ltr'>animis</span> <span class='ocrx_word' id='word_1_113' title='bbox 1242 1784 1620 1844; x_wconf 89' lang='lat' dir='ltr'>maerebant.</span> <span class='ocrx_word' id='word_1_114' title='bbox 1691 1783 1883 1843; x_wconf 88' lang='lat' dir='ltr'>Forte</span> <span class='ocrx_word' id='word_1_115' title='bbox 1913 1781 2255 1860; x_wconf 91' lang='lat' dir='ltr'>negotiato-</span> 
     </span>
     <span class='ocr_line' id='line_1_19' title="bbox 349 1879 2251 1960; baseline -0.001 -20"><span class='ocrx_word' id='word_1_116' title='bbox 349 1900 466 1954; x_wconf 75' lang='lat' dir='ltr'>reS,</span> <span class='ocrx_word' id='word_1_117' title='bbox 487 1880 742 1941; x_wconf 87' lang='lat' dir='ltr'>vivente</span> <span class='ocrx_word' id='word_1_118' title='bbox 769 1881 974 1942; x_wconf 88' lang='lat' dir='ltr'>adhuc</span> <span class='ocrx_word' id='word_1_119' title='bbox 1002 1881 1372 1941; x_wconf 85' lang='lat' dir='ltr'>Germanico</span> <span class='ocrx_word' id='word_1_120' title='bbox 1404 1881 1583 1960; x_wconf 87' lang='lat' dir='ltr'>Syria</span> <span class='ocrx_word' id='word_1_121' title='bbox 1613 1880 1858 1960; x_wconf 89' lang='lat' dir='ltr'>egressi,</span> <span class='ocrx_word' id='word_1_122' title='bbox 1884 1879 2143 1939; x_wconf 89' lang='lat' dir='ltr'>laetiora</span> <span class='ocrx_word' id='word_1_123' title='bbox 2171 1879 2251 1939; x_wconf 92' lang='lat' dir='ltr'>de</span> 
     </span>
     <span class='ocr_line' id='line_1_20' title="bbox 350 1977 2253 2058; baseline -0.001 -19"><span class='ocrx_word' id='word_1_124' title='bbox 350 1979 706 2039; x_wconf 86' lang='lat' dir='ltr'>valetudine</span> <span class='ocrx_word' id='word_1_125' title='bbox 729 1979 860 2058; x_wconf 87' lang='lat' dir='ltr'>ejus</span> <span class='ocrx_word' id='word_1_126' title='bbox 889 1980 1169 2041; x_wconf 87' lang='lat' dir='ltr'>attulere.</span> <span class='ocrx_word' id='word_1_127' title='bbox 1229 1978 1460 2040; x_wconf 84' lang='lat' dir='ltr'>Statim</span> <span class='ocrx_word' id='word_1_128' title='bbox 1482 1978 1738 2053; x_wconf 89' lang='lat' dir='ltr'>credita,</span> <span class='ocrx_word' id='word_1_129' title='bbox 1758 1977 1972 2038; x_wconf 89' lang='lat' dir='ltr'>statim</span> <span class='ocrx_word' id='word_1_130' title='bbox 1996 1977 2253 2057; x_wconf 89' lang='lat' dir='ltr'>vulgata</span> 
     </span>
     <span class='ocr_line' id='line_1_21' title="bbox 350 2074 2251 2156; baseline -0.001 -20"><span class='ocrx_word' id='word_1_131' title='bbox 350 2085 530 2136; x_wconf 89' lang='lat' dir='ltr'>sunt:</span> <span class='ocrx_word' id='word_1_132' title='bbox 559 2086 629 2136; x_wconf 91' lang='lat' dir='ltr'>ut</span> <span class='ocrx_word' id='word_1_133' title='bbox 657 2077 913 2156; x_wconf 91' lang='lat' dir='ltr'>quisque</span> <span class='ocrx_word' id='word_1_134' title='bbox 943 2077 1178 2151; x_wconf 89' lang='lat' dir='ltr'>obvius,</span> <span class='ocrx_word' id='word_1_135' title='bbox 1202 2077 1483 2156; x_wconf 88' lang='lat' dir='ltr'>quamvis</span> <span class='ocrx_word' id='word_1_136' title='bbox 1512 2076 1735 2136; x_wconf 88' lang='lat' dir='ltr'>leviter</span> <span class='ocrx_word' id='word_1_137' title='bbox 1762 2075 1977 2135; x_wconf 90' lang='lat' dir='ltr'>audita</span> <span class='ocrx_word' id='word_1_138' title='bbox 2004 2074 2066 2135; x_wconf 91' lang='lat' dir='ltr'>in</span> <span class='ocrx_word' id='word_1_139' title='bbox 2098 2074 2251 2135; x_wconf 88' lang='lat' dir='ltr'>alios</span> 
     </span>
     <span class='ocr_line' id='line_1_22' title="bbox 350 2174 2252 2253; baseline 0.001 -22"><span class='ocrx_word' id='word_1_140' title='bbox 350 2181 536 2252; x_wconf 91' lang='lat' dir='ltr'>atque</span> <span class='ocrx_word' id='word_1_141' title='bbox 563 2174 652 2232; x_wconf 92' lang='lat' dir='ltr'>illi</span> <span class='ocrx_word' id='word_1_142' title='bbox 681 2174 745 2232; x_wconf 89' lang='lat' dir='ltr'>in</span> <span class='ocrx_word' id='word_1_143' title='bbox 774 2174 982 2252; x_wconf 85' lang='lat' dir='ltr'>plures</span> <span class='ocrx_word' id='word_1_144' title='bbox 1023 2175 1335 2234; x_wconf 89' lang='lat' dir='ltr'>cumulata</span> <span class='ocrx_word' id='word_1_145' title='bbox 1376 2174 1608 2253; x_wconf 86' lang='lat' dir='ltr'>gaudio</span> <span class='ocrx_word' id='word_1_146' title='bbox 1652 2174 2073 2235; x_wconf 84' lang='lat' dir='ltr'>transferunt:</span> <span class='ocrx_word' id='word_1_147' title='bbox 2120 2194 2252 2234; x_wconf 91' lang='lat' dir='ltr'>cur-</span> 
     </span>
     <span class='ocr_line' id='line_1_23' title="bbox 349 2270 2252 2361; baseline 0 -31"><span class='ocrx_word' id='word_1_148' title='bbox 349 2277 490 2330; x_wconf 85' lang='lat' dir='ltr'>sant</span> <span class='ocrx_word' id='word_1_149' title='bbox 516 2290 627 2348; x_wconf 88' lang='lat' dir='ltr'>per</span> <span class='ocrx_word' id='word_1_150' title='bbox 653 2270 888 2344; x_wconf 90' lang='lat' dir='ltr'>urbem,</span> <span class='ocrx_word' id='word_1_151' title='bbox 911 2270 1251 2361; x_wconf 63' lang='lat' dir='ltr'>moliuntur</span> <span class='ocrx_word' id='word_1_152' title='bbox 1281 2271 1656 2349; x_wconf 90' lang='lat' dir='ltr'>templorum</span> <span class='ocrx_word' id='word_1_153' title='bbox 1684 2271 1884 2345; x_wconf 84' lang='lat' dir='ltr'>fores3</span> <span class='ocrx_word' id='word_1_154' title='bbox 1912 2273 2096 2351; x_wconf 85' lang='lat' dir='ltr'>juvat</span> <span class='ocrx_word' id='word_1_155' title='bbox 2127 2291 2252 2330; x_wconf 94' lang='lat' dir='ltr'>cre-</span> 
     </span>
     <span class='ocr_line' id='line_1_24' title="bbox 348 2341 2248 2447; baseline 0.002 -22"><span class='ocrx_word' id='word_1_156' title='bbox 348 2366 678 2426; x_wconf 89' lang='lat' dir='ltr'>dulitatem</span> <span class='ocrx_word' id='word_1_157' title='bbox 706 2387 832 2427; x_wconf 86' lang='lat' dir='ltr'>nox</span> <span class='ocrx_word' id='word_1_158' title='bbox 875 2376 938 2427; x_wconf 93' lang='lat' dir='ltr'>et</span> <span class='ocrx_word' id='word_1_159' title='bbox 973 2341 1319 2447; x_wconf 76' lang='lat' dir='ltr'>promptibr</span> <span class='ocrx_word' id='word_1_160' title='bbox 1360 2367 1527 2428; x_wconf 89' lang='lat' dir='ltr'>inter</span> <span class='ocrx_word' id='word_1_161' title='bbox 1569 2369 1857 2429; x_wconf 89' lang='lat' dir='ltr'>tenebras</span> <span class='ocrx_word' id='word_1_162' title='bbox 1902 2369 2248 2429; x_wconf 76' lang='lat' dir='ltr'>affirmatio·</span> 
     </span>
     <span class='ocr_line' id='line_1_25' title="bbox 347 2462 2249 2551; baseline 0.001 -29"><span class='ocrx_word' id='word_1_163' title='bbox 347 2462 416 2522; x_wconf 87' lang='lat' dir='ltr'>N</span> <span class='ocrx_word' id='word_1_164' title='bbox 418 2483 487 2522; x_wconf 89' lang='lat' dir='ltr'>ec</span> <span class='ocrx_word' id='word_1_165' title='bbox 528 2463 774 2523; x_wconf 89' lang='lat' dir='ltr'>obstitit</span> <span class='ocrx_word' id='word_1_166' title='bbox 814 2464 980 2524; x_wconf 87' lang='lat' dir='ltr'>falsis</span> <span class='ocrx_word' id='word_1_167' title='bbox 1023 2464 1327 2551; x_wconf 69' lang='lat' dir='ltr'>Tiberius,</span> <span class='ocrx_word' id='word_1_168' title='bbox 1364 2466 1568 2525; x_wconf 90' lang='lat' dir='ltr'>donec</span> <span class='ocrx_word' id='word_1_169' title='bbox 1609 2475 1890 2545; x_wconf 90' lang='lat' dir='ltr'>tempore</span> <span class='ocrx_word' id='word_1_170' title='bbox 1934 2486 2006 2526; x_wconf 89' lang='lat' dir='ltr'>ac</span> <span class='ocrx_word' id='word_1_171' title='bbox 2046 2465 2249 2544; x_wconf 88' lang='lat' dir='ltr'>spatio</span> 
     </span>
     <span class='ocr_line' id='line_1_26' title="bbox 347 2561 2250 2642; baseline 0.001 -23"><span class='ocrx_word' id='word_1_172' title='bbox 347 2569 784 2620; x_wconf 87' lang='lat' dir='ltr'>vanescerent:</span> <span class='ocrx_word' id='word_1_173' title='bbox 826 2569 891 2621; x_wconf 90' lang='lat' dir='ltr'>et</span> <span class='ocrx_word' id='word_1_174' title='bbox 933 2562 1214 2641; x_wconf 92' lang='lat' dir='ltr'>populus,</span> <span class='ocrx_word' id='word_1_175' title='bbox 1245 2561 1420 2641; x_wconf 91' lang='lat' dir='ltr'>quasi</span> <span class='ocrx_word' id='word_1_176' title='bbox 1453 2582 1697 2622; x_wconf 88' lang='lat' dir='ltr'>rursum</span> <span class='ocrx_word' id='word_1_177' title='bbox 1736 2571 2020 2642; x_wconf 88' lang='lat' dir='ltr'>ereptum</span> <span class='ocrx_word' id='word_1_178' title='bbox 2049 2561 2250 2621; x_wconf 88' lang='lat' dir='ltr'>acrius</span> 
     </span>
     <span class='ocr_line' id='line_1_27' title="bbox 348 2656 1741 2728; baseline 0.001 -13"><span class='ocrx_word' id='word_1_179' title='bbox 348 2656 570 2717; x_wconf 89' lang='lat' dir='ltr'>doluit.</span> <span class='ocrx_word' id='word_1_180' title='bbox 1735 2722 1741 2728; x_wconf 60' lang='grc'><em>,</em></span> 
     </span>
    </p>

    <p class='ocr_par' dir='ltr' id='par_1_9' title="bbox 270 2753 2250 3318">
     <span class='ocr_line' id='line_1_28' title="bbox 430 2753 2250 2835; baseline 0.002 -22"><span class='ocrx_word' id='word_1_181' title='bbox 430 2754 523 2813; x_wconf 86' lang='grc'>83.</span> <span class='ocrx_word' id='word_1_182' title='bbox 593 2753 897 2829; x_wconf 89' lang='lat' dir='ltr'>Honores,</span> <span class='ocrx_word' id='word_1_183' title='bbox 927 2763 997 2815; x_wconf 94' lang='lat' dir='ltr'>ut</span> <span class='ocrx_word' id='word_1_184' title='bbox 1026 2754 1162 2835; x_wconf 92' lang='lat' dir='ltr'>quis</span> <span class='ocrx_word' id='word_1_185' title='bbox 1191 2775 1400 2816; x_wconf 90' lang='lat' dir='ltr'>amore</span> <span class='ocrx_word' id='word_1_186' title='bbox 1439 2756 1503 2816; x_wconf 90' lang='lat' dir='ltr'>in</span> <span class='ocrx_word' id='word_1_187' title='bbox 1533 2756 1972 2817; x_wconf 85' lang='lat' dir='ltr'>Germanicum</span> <span class='ocrx_word' id='word_1_188' title='bbox 2015 2763 2123 2814; x_wconf 91' lang='lat' dir='ltr'>aut</span> <span class='ocrx_word' id='word_1_189' title='bbox 2161 2753 2250 2816; x_wconf 90' lang='lat' dir='ltr'>in-</span> 
     </span>
     <span class='ocr_line' id='line_1_29' title="bbox 345 2850 2249 2933; baseline 0 -24"><span class='ocrx_word' id='word_1_190' title='bbox 345 2850 528 2929; x_wconf 91' lang='lat' dir='ltr'>genio</span> <span class='ocrx_word' id='word_1_191' title='bbox 551 2852 810 2925; x_wconf 85' lang='lat' dir='ltr'>validus,</span> <span class='ocrx_word' id='word_1_192' title='bbox 832 2853 1065 2931; x_wconf 86' lang='lat' dir='ltr'>reperti</span> <span class='ocrx_word' id='word_1_193' title='bbox 1090 2852 1481 2933; x_wconf 86' lang='lat' dir='ltr'>decretique:</span> <span class='ocrx_word' id='word_1_194' title='bbox 1511 2863 1581 2913; x_wconf 93' lang='lat' dir='ltr'>ut</span> <span class='ocrx_word' id='word_1_195' title='bbox 1611 2873 1838 2914; x_wconf 91' lang='lat' dir='ltr'>nomen</span> <span class='ocrx_word' id='word_1_196' title='bbox 1868 2854 2003 2933; x_wconf 85' lang='lat' dir='ltr'>ejus</span> <span class='ocrx_word' id='word_1_197' title='bbox 2029 2850 2249 2912; x_wconf 84' lang='lat' dir='ltr'>Saliari</span> 
     </span>
     <span class='ocr_line' id='line_1_30' title="bbox 346 2948 2250 3027; baseline 0 -20"><span class='ocrx_word' id='word_1_198' title='bbox 346 2948 617 3009; x_wconf 89' lang='lat' dir='ltr'>carmine</span> <span class='ocrx_word' id='word_1_199' title='bbox 647 2963 971 3009; x_wconf 86' lang='lat' dir='ltr'>caneretur</span> <span class='ocrx_word' id='word_1_200' title='bbox 988 2970 1005 3024; x_wconf 86' lang='lat'>3</span> <span class='ocrx_word' id='word_1_201' title='bbox 1034 2951 1212 3010; x_wconf 90' lang='lat' dir='ltr'>sedes</span> <span class='ocrx_word' id='word_1_202' title='bbox 1241 2952 1483 3012; x_wconf 88' lang='lat' dir='ltr'>curules</span> <span class='ocrx_word' id='word_1_203' title='bbox 1521 2951 1913 3011; x_wconf 88' lang='lat' dir='ltr'>sacerdotum</span> <span class='ocrx_word' id='word_1_204' title='bbox 1939 2950 2250 3027; x_wconf 88' lang='lat' dir='ltr'>Augusta-</span> 
     </span>
     <span class='ocr_line' id='line_1_31' title="bbox 343 3044 2248 3128; baseline -0.001 -25"><span class='ocrx_word' id='word_1_205' title='bbox 343 3044 497 3103; x_wconf 88' lang='lat' dir='ltr'>lium</span> <span class='ocrx_word' id='word_1_206' title='bbox 524 3046 672 3105; x_wconf 92' lang='lat' dir='ltr'>locis</span> <span class='ocrx_word' id='word_1_207' title='bbox 702 3065 1006 3125; x_wconf 87' lang='lat' dir='ltr'>superque</span> <span class='ocrx_word' id='word_1_208' title='bbox 1041 3067 1142 3107; x_wconf 89' lang='lat' dir='ltr'>eas</span> <span class='ocrx_word' id='word_1_209' title='bbox 1174 3067 1471 3128; x_wconf 89' lang='lat' dir='ltr'>querceae</span> <span class='ocrx_word' id='word_1_210' title='bbox 1501 3066 1762 3107; x_wconf 89' lang='lat' dir='ltr'>coronae</span> <span class='ocrx_word' id='word_1_211' title='bbox 1796 3054 2248 3118; x_wconf 85' lang='lat' dir='ltr'>statuerentur3</span> 
     </span>
     <span class='ocr_line' id='line_1_32' title="bbox 343 3140 2245 3223; baseline 0 -24"><span class='ocrx_word' id='word_1_212' title='bbox 343 3140 524 3201; x_wconf 91' lang='lat' dir='ltr'>ludos</span> <span class='ocrx_word' id='word_1_213' title='bbox 547 3141 849 3202; x_wconf 89' lang='lat' dir='ltr'>circenses</span> <span class='ocrx_word' id='word_1_214' title='bbox 870 3144 1104 3203; x_wconf 89' lang='lat' dir='ltr'>eburna</span> <span class='ocrx_word' id='word_1_215' title='bbox 1126 3144 1357 3223; x_wconf 88' lang='lat' dir='ltr'>effigies</span> <span class='ocrx_word' id='word_1_216' title='bbox 1374 3144 1663 3222; x_wconf 87' lang='lat' dir='ltr'>praeiret,</span> <span class='ocrx_word' id='word_1_217' title='bbox 1685 3161 1840 3202; x_wconf 90' lang='lat' dir='ltr'>neve</span> <span class='ocrx_word' id='word_1_218' title='bbox 1864 3141 1998 3220; x_wconf 88' lang='lat' dir='ltr'>quis</span> <span class='ocrx_word' id='word_1_219' title='bbox 2019 3141 2245 3200; x_wconf 89' lang='lat' dir='ltr'>flamen</span> 
     </span>
     <span class='ocr_line' id='line_1_33' title="bbox 270 3237 2248 3318; baseline 0 -23"><span class='ocrx_word' id='word_1_220' title='bbox 270 3303 275 3307; x_wconf 51' lang='grc'><strong><em>,</em></strong></span> <span class='ocrx_word' id='word_1_221' title='bbox 346 3246 454 3296; x_wconf 88' lang='lat' dir='ltr'>aut</span> <span class='ocrx_word' id='word_1_222' title='bbox 483 3257 677 3317; x_wconf 90' lang='lat' dir='ltr'>augur</span> <span class='ocrx_word' id='word_1_223' title='bbox 704 3239 767 3299; x_wconf 91' lang='lat' dir='ltr'>in</span> <span class='ocrx_word' id='word_1_224' title='bbox 799 3240 1004 3299; x_wconf 92' lang='lat' dir='ltr'>locum</span> <span class='ocrx_word' id='word_1_225' title='bbox 1035 3240 1387 3300; x_wconf 79' lang='lat' dir='ltr'>Germanici</span> <span class='ocrx_word' id='word_1_226' title='bbox 1432 3240 1549 3299; x_wconf 90' lang='lat' dir='ltr'>nisi</span> <span class='ocrx_word' id='word_1_227' title='bbox 1591 3239 1795 3318; x_wconf 88' lang='lat' dir='ltr'>gentis</span> <span class='ocrx_word' id='word_1_228' title='bbox 1840 3237 2045 3298; x_wconf 87' lang='lat' dir='ltr'>Juliae</span> <span class='ocrx_word' id='word_1_229' title='bbox 2088 3256 2248 3296; x_wconf 88' lang='lat' dir='ltr'>crea-</span> 
     </span>
    </p>
   </div>
   <div class='ocr_carea' id='block_1_9' title="bbox 342 3334 2246 3416">
    <p class='ocr_par' dir='ltr' id='par_1_10' title="bbox 342 3334 2350 3430">
     <span class='ocr_line' id='line_1_34' title="bbox 342 3334 2246 3416; baseline -0 -23"><span class='ocrx_word' id='word_1_230' title='bbox 342 3345 539 3394; x_wconf 90' lang='lat' dir='ltr'>retur.</span> <span class='ocrx_word' id='word_1_231' title='bbox 562 3337 826 3397; x_wconf 55' lang='lat' dir='ltr'>xArous</span> <span class='ocrx_word' id='word_1_232' title='bbox 859 3338 1059 3397; x_wconf 89' lang='lat' dir='ltr'>additi</span> <span class='ocrx_word' id='word_1_233' title='bbox 1094 3337 1332 3396; x_wconf 89' lang='lat' dir='ltr'>Romae</span> <span class='ocrx_word' id='word_1_234' title='bbox 1363 3345 1427 3396; x_wconf 90' lang='lat' dir='ltr'>et</span> <span class='ocrx_word' id='word_1_235' title='bbox 1457 3338 1623 3416; x_wconf 92' lang='lat' dir='ltr'>apud</span> <span class='ocrx_word' id='word_1_236' title='bbox 1651 3336 1849 3415; x_wconf 89' lang='lat' dir='ltr'>ripam</span> <span class='ocrx_word' id='word_1_237' title='bbox 1878 3334 2084 3394; x_wconf 90' lang='lat' dir='ltr'>Rheni</span> <span class='ocrx_word' id='word_1_238' title='bbox 2102 3343 2165 3393; x_wconf 91' lang='lat' dir='ltr'>et</span> <span class='ocrx_word' id='word_1_239' title='bbox 2182 3334 2246 3392; x_wconf 92' lang='lat' dir='ltr'>in</span> 
     </span>
    </p>
   </div>
   <div class='ocr_carea' id='block_1_10' title="bbox 342 3432 2249 3609">
    <p class='ocr_par' dir='ltr' id='par_1_11' title="bbox 342 3432 2249 3609">
     <span class='ocr_line' id='line_1_35' title="bbox 342 3432 2249 3513; baseline -0.001 -23"><span class='ocrx_word' id='word_1_240' title='bbox 342 3440 556 3491; x_wconf 89' lang='lat' dir='ltr'>monte</span> <span class='ocrx_word' id='word_1_241' title='bbox 584 3433 799 3513; x_wconf 87' lang='lat' dir='ltr'>Syriae</span> <span class='ocrx_word' id='word_1_242' title='bbox 822 3434 1092 3507; x_wconf 84' lang='lat' dir='ltr'>AmanO,</span> <span class='ocrx_word' id='word_1_243' title='bbox 1117 3454 1257 3493; x_wconf 92' lang='lat' dir='ltr'>cum</span> <span class='ocrx_word' id='word_1_244' title='bbox 1285 3432 1684 3510; x_wconf 89' lang='lat' dir='ltr'>inscriptione</span> <span class='ocrx_word' id='word_1_245' title='bbox 1707 3451 1914 3491; x_wconf 88' lang='lat' dir='ltr'>rerum</span> <span class='ocrx_word' id='word_1_246' title='bbox 1933 3441 2249 3510; x_wconf 89' lang='lat' dir='ltr'>gestarum</span> 
     </span>
     <span class='ocr_line' id='line_1_36' title="bbox 345 3526 2247 3609; baseline -0.002 -20"><span class='ocrx_word' id='word_1_247' title='bbox 345 3547 418 3589; x_wconf 90' lang='lat' dir='ltr'>ac</span> <span class='ocrx_word' id='word_1_248' title='bbox 444 3539 712 3590; x_wconf 90' lang='lat' dir='ltr'>mortem</span> <span class='ocrx_word' id='word_1_249' title='bbox 739 3530 821 3591; x_wconf 92' lang='lat' dir='ltr'>ob</span> <span class='ocrx_word' id='word_1_250' title='bbox 849 3529 1297 3609; x_wconf 90' lang='lat' dir='ltr'>rempublicam</span> <span class='ocrx_word' id='word_1_251' title='bbox 1324 3529 1562 3604; x_wconf 82' lang='lat' dir='ltr'>obisse3</span> <span class='ocrx_word' id='word_1_252' title='bbox 1604 3528 1999 3609; x_wconf 85' lang='lat' dir='ltr'>sepulchrum</span> <span class='ocrx_word' id='word_1_253' title='bbox 2025 3526 2247 3587; x_wconf 91' lang='lat' dir='ltr'>Antio-</span> 
     </span>
    </p>
   </div>
   <div class='ocr_carea' id='block_1_11' title="bbox 2329 830 2360 876">
    <p class='ocr_par' dir='ltr' id='par_1_12' title="bbox 2329 830 2360 876">
     <span class='ocr_line' id='line_1_37' title="bbox 2329 830 2360 876; baseline 0 0"><span class='ocrx_word' id='word_1_254' title='bbox 2329 830 2360 876; x_wconf 87' lang='lat'>5</span> 
     </span>
    </p>
   </div>
   <div class='ocr_carea' id='block_1_12' title="bbox 2297 1313 2359 1359">
    <p class='ocr_par' dir='ltr' id='par_1_13' title="bbox 2297 1313 2359 1359">
     <span class='ocr_line' id='line_1_38' title="bbox 2297 1313 2359 1359; baseline 0.016 -1"><span class='ocrx_word' id='word_1_255' title='bbox 2297 1313 2359 1359; x_wconf 88' lang='lat'>10</span> 
     </span>
    </p>
   </div>
   <div class='ocr_carea' id='block_1_13' title="bbox 2295 1796 2357 1842">
    <p class='ocr_par' dir='ltr' id='par_1_14' title="bbox 2295 1796 2357 1842">
     <span class='ocr_line' id='line_1_39' title="bbox 2295 1796 2357 1842; baseline 0 0"><span class='ocrx_word' id='word_1_256' title='bbox 2295 1796 2357 1842; x_wconf 86' lang='lat'>15</span> 
     </span>
    </p>
   </div>
   <div class='ocr_carea' id='block_1_14' title="bbox 2290 2285 2356 2331">
    <p class='ocr_par' dir='ltr' id='par_1_15' title="bbox 2290 2285 2356 2331">
     <span class='ocr_line' id='line_1_40' title="bbox 2290 2285 2356 2331; baseline 0.015 -1"><span class='ocrx_word' id='word_1_257' title='bbox 2290 2285 2356 2331; x_wconf 87' lang='grc'>20</span> 
     </span>
    </p>
   </div>
  </div>
 </body>
</html>
