2738 4048
713 278 718 282 ’
823 276 1231 326 ANNALIUM
1272 278 1494 324 LIBER
1540 277 1836 327 SEXTUS.

687 613 821 679 AN
824 614 887 678 N
890 614 1202 680 ALIUM
1265 616 1552 680 LIBER
1612 614 2002 682 SEXTUS.

344 793 386 873 1(
418 814 514 874 56.
583 813 628 875 J
630 833 731 873 am
773 813 1095 874 Tiberium
1138 835 1381 895 corpus,
1421 819 1553 898 jam
1594 817 1775 892 vires,
1803 818 2086 881 nondum
2124 819 2242 881 dis-

336 910 649 975 simulatio
693 911 1047 971 de'serebat:
1105 912 1274 972 idem
1330 913 1522 973 animi
1578 915 1786 994 rigor3
1842 935 2126 989 sermone
2169 938 2241 978 ac

335 1009 518 1070 vultu
564 1008 862 1081 intentus,
910 1008 1191 1086 quaesita
1245 1009 1562 1071 interdum
1611 1013 1925 1087 comitate,
1960 1016 2242 1097 quamvis

2264 264 2347 331 73

335 1105 735 1166 manifestam
763 1105 1181 1165 defectionem
1212 1108 1484 1186 tegebat.
1568 1108 1957 1192 Mutatisque
1998 1113 2243 1192 saepius
2279 1147 2284 1151 ’

336 1202 489 1262 locis
533 1202 787 1260 tandem
830 1202 997 1280 apud
1036 1204 1533 1280 promontorium
1576 1204 1807 1267 Miseni
1850 1210 2134 1270 consedit
2174 1211 2241 1270 in

335 1299 501 1374 villa,
531 1298 630 1358 cui
658 1297 728 1357 L.
759 1297 1053 1357 Lucullus
1084 1300 1399 1378 quondam
1429 1301 1735 1365 dominus.
1796 1304 1935 1367 Illic
1964 1327 2106 1366 eum
2135 1326 2238 1386 ap-

336 1395 752 1478 propinquare
772 1395 1070 1475 supremis
1090 1397 1198 1454 tali
1217 1398 1407 1460 modo
1431 1413 1836 1481 compertum.
1882 1404 2038 1464 Erat
2056 1405 2245 1464 medi-

338 1517 447 1558 cus
474 1506 608 1556 arte
637 1498 914 1578 insignis,
944 1502 1195 1570 nomine
1227 1503 1560 1577 Charicles,
1591 1523 1713 1563 non
1748 1503 1998 1582 quidem
2025 1521 2242 1581 regere

337 1595 729 1655 valetudines
749 1598 1045 1678 principis
1064 1600 1300 1674 solituS‚
1320 1602 1559 1661 consilii
1583 1612 1791 1661 tamen
1816 1600 2057 1678 copiam
2073 1618 2243 1678 prae-

337 1693 504 1753 bere.
587 1692 651 1753 Is
694 1694 876 1754 velut.
923 1697 1176 1776 propria
1217 1699 1297 1757 ad
1341 1698 1595 1778 negotia
1637 1696 1991 1776 digrediens
2033 1706 2096 1756 et
2136 1716 2248 1774 per

339 1792 608 1874 speci'em
631 1794 814 1853 officii
841 1814 1094 1856 manum
1124 1795 1486 1875 complexus
1514 1795 1761 1874 pulsum
1780 1812 2078 1855 venarum
2107 1792 2244 1852 atti-

338 1891 454 1973 git.
544 1889 766 1970 Neque
793 1891 1057 1953 fefellit:
1101 1914 1247 1953 113111
1277 1893 1581 1966 Tiberine,
1612 1891 1917 1952 incertum
1945 1910 2025 1949 an
2053 1889 2246 1951 offen-

339 2014 444 2056 sus
492 2002 791 2074 tantoque
839 1993 1037 2074 magis
1094 1992 1252 2053 iram
1293 2011 1600 2072 premenS,
1648 1988 1979 2050 instaurari
2034 1987 2245 2067 epulas

339 2097 519 2177 jubet
541 2093 997 2173 discumbitque
1022 2093 1185 2152 ultra
1214 2091 1485 2164 solitum,
1509 2088 1684 2168 quasi
1712 2086 1933 2148 honori
1954 2086 2246 2146 'abeuntis

342 2193 523 2254 amici
579 2192 904 2252 tribueret.
990 2189 1301 2250 Charicles
1361 2198 1571 2249 tamen
1621 2185 1745 2245 labi
1794 2183 2080 2263 spiritum
2130 2203 2247 2243 nec

342 2291 508 2351 ultra
526 2288 788 2348 biduum
811 2288 1177 2346 duraturum
1194 2285 1476 2346 Macroni
1497 2282 1787 2343 firmavit.
1843 2281 2001 2340 Inde
2025 2290 2248 2340 cuncta.

343 2391 664 2472 colloquiis
689 2390 855 2449 inter
879 2394 1248 2465 praesenteS,
1273 2382 1505 2442 nuntiis
1527 2380 1695 2460 apud
1723 2380 1960 2459 legatos
1989 2388 2053 2438 et
2082 2398 2249 2437 exer-

344 2489 505 2550 citus
531 2487 1005 2548 festinabantur.
1091 2481 1442 2560 Septimum
1486 2479 1797 2538 decimum
1840 2476 1982 2535 Kal.
2012 2474 2249 2553 Aprilis

342 2585 679 2646 interclusa
707 2582 913 2643 anima
943 2579 1215 2639 creditus
1250 2587 1345 2636 est
1384 2574 1829 2636 mortalitatem
1871 2570 2250 2649 explevisse3

346 2693 411 2745 et
439 2684 634 2743 multo
663 2692 1023 2762 gratantum
1053 2696 1349 2737 concursu
1393 2675 1472 2733 ad
1510 2671 1811 2751 capienda
1851 2666 2094 2746 imperii
2134 2666 2252 2745 pri-

345 2781 590 2841 mordia
614 2782 798 2841 Caius
823 2781 1048 2840 Caesar
1071 2773 1528 2855 egrediebatur,
1552 2790 1694 2829 cum
1717 2775 1968 2845 repente
1993 2763 2252 2822 affertur

347 2877 549 2938 redire
572 2878 826 2937 Tiberio
844 2895 1061 2936 vocem
1087 2892 1158 2931 ac
1179 2869 1366 2943 visus,
1388 2867 1721 2945 vocarique
1748 2863 1852 2943 qui
1881 2860 2251 2921 recreandae

348 2974 686 3034 defectioni
736 2974 943 3033 cibum
999 2971 1306 3030 afferrent.
1367 2966 1577 3025 Pavor
1622 2963 1765 3022 hinc
1806 2962 1871 3019 in
1913 2977 2144 3030 omnes,
2187 2965 2253 3017 et

350 3072 541 3131 ceteri
564 3071 791 3150 passim
815 3067 1107 3148 dispergi,
1130 3086 1194 3126 se
1218 3065 1476 3145 quisque
1504 3071 1810 3121 maestum
1840 3066 1948 3116 aut
1976 3054 2253 3114 nescium

347 3168 617 3248 fingere3
662 3168 887 3228 Caesar
915 3165 979 3225 in
1009 3163 1323 3223 silentium
1349 3162 1507 3220 fixus
1546 3179 1583 3217 a
1623 3174 1863 3216 summa
1904 3172 2013 3231 spe
2054 3150 2256 3211 novis-

350 3265 506 3326 sima
559 3264 950 3342 expectabat.
1046 3260 1261 3320 Macro
1317 3256 1664 3334 intrepidus
1719 3249 1988 3330 opprimi
2044 3266 2256 3307 senem

349 3362 582 3441 injectu
611 3363 844 3420 multae
873 3359 1063 3419 vestis
1104 3358 1283 3438 jubet
1312 3353 1671 3432 discedique
1715 3351 1792 3408 ab
1835 3347 2066 3407 limine.
2152 3342 2256 3405 Sic

352 3457 641 3518 Tiberius
667 3457 888 3530 finivit,
918 3465 1142 3515 octavo
1171 3463 1236 3514 et
1265 3449 1720 3530 septuagesimo
1750 3444 1974 3505 aetatis
2003 3461 2186 3503 anno.

436 3555 532 3615 57.
607 3555 800 3614 Pater
840 3553 897 3613 ei
932 3552 1104 3612 Nero
1150 3560 1214 3610 et
1257 3548 1568 3627 utrimque
1613 3544 1786 3625 origo
1829 3541 2036 3624 gentis
2078 3539 2256 3601 Clau-

1328 3659 1360 3707 4

2289 1710 2349 1754 10

2289 2197 2353 2242 15

2291 2663 2356 2727 20

2295 3164 2358 3209 25

2337 3437 2378 3521 >x

2448 3406 2547 3482 aess*x
