<?xml version="1.0" encoding="UTF-8"?>
<!DOCTYPE html PUBLIC "-//W3C//DTD XHTML 1.0 Transitional//EN"
    "http://www.w3.org/TR/xhtml1/DTD/xhtml1-transitional.dtd">
<html xmlns="http://www.w3.org/1999/xhtml" xml:lang="en" lang="en">
 <head>
  <title>
</title>
<meta http-equiv="Content-Type" content="text/html;charset=utf-8" />
  <meta name='ocr-system' content='tesseract 3.04.00' />
  <meta name='ocr-capabilities' content='ocr_page ocr_carea ocr_par ocr_line ocrx_word'/>
</head>
<body>
  <div class='ocr_page' id='page_1' title='image "./excerptatacitia00chamgoog_0142.png"; bbox 0 0 2738 4048; ppageno 0'>
   <div class='ocr_carea' id='block_1_1' title="bbox 371 256 1806 322">
    <p class='ocr_par' dir='ltr' id='par_1_1' title="bbox 371 256 1806 322">
     <span class='ocr_line' id='line_1_1' title="bbox 371 256 1806 322; baseline 0 0"><span class='ocrx_word' id='word_1_1' title='bbox 371 256 498 322; x_wconf 92' lang='grc'>110</span> <span class='ocrx_word' id='word_1_2' title='bbox 935 273 1329 321; x_wconf 79' lang='lat' dir='ltr'><strong>EXCERPTA</strong></span> <span class='ocrx_word' id='word_1_3' title='bbox 1374 273 1806 322; x_wconf 78' lang='lat' dir='ltr'>TAGITIANA.</span> 
     </span>
    </p>
   </div>
   <div class='ocr_carea' id='block_1_2' title="bbox 373 1715 434 1759">
    <p class='ocr_par' dir='ltr' id='par_1_2' title="bbox 373 1715 434 1759">
     <span class='ocr_line' id='line_1_2' title="bbox 373 1715 434 1759; baseline 0.016 -1"><span class='ocrx_word' id='word_1_4' title='bbox 373 1715 434 1759; x_wconf 89' lang='lat'>10</span> 
     </span>
    </p>
   </div>
   <div class='ocr_carea' id='block_1_3' title="bbox 373 2199 436 2244">
    <p class='ocr_par' dir='ltr' id='par_1_3' title="bbox 373 2199 436 2244">
     <span class='ocr_line' id='line_1_3' title="bbox 373 2199 436 2244; baseline 0 0"><span class='ocrx_word' id='word_1_5' title='bbox 373 2199 436 2244; x_wconf 82' lang='lat'>15</span> 
     </span>
    </p>
   </div>
   <div class='ocr_carea' id='block_1_4' title="bbox 371 3268 431 3313">
    <p class='ocr_par' dir='ltr' id='par_1_4' title="bbox 371 3268 431 3313">
     <span class='ocr_line' id='line_1_4' title="bbox 371 3268 431 3313; baseline 0.017 -1"><span class='ocrx_word' id='word_1_6' title='bbox 371 3268 431 3313; x_wconf 91' lang='grc'>10</span> 
     </span>
    </p>
   </div>
   <div class='ocr_carea' id='block_1_5' title="bbox 619 624 2144 696">
    <p class='ocr_par' dir='ltr' id='par_1_5' title="bbox 619 624 2144 696">
     <span class='ocr_line' id='line_1_5' title="bbox 619 624 2144 696; baseline 0.003 -6"><span class='ocrx_word' id='word_1_7' title='bbox 619 624 1294 693; x_wconf 89' lang='lat' dir='ltr'><strong>HISTORIARUM</strong></span> <span class='ocrx_word' id='word_1_8' title='bbox 1357 629 1646 694; x_wconf 89' lang='lat' dir='ltr'>LIBER</span> <span class='ocrx_word' id='word_1_9' title='bbox 1713 628 2144 696; x_wconf 88' lang='lat' dir='ltr'><strong>TERTIUS.</strong></span> 
     </span>
    </p>
   </div>
   <div class='ocr_carea' id='block_1_6' title="bbox 475 825 2385 3621">
    <p class='ocr_par' dir='ltr' id='par_1_6' title="bbox 476 825 2385 2363">
     <span class='ocr_line' id='line_1_6' title="bbox 561 825 2385 907; baseline 0.004 -23"><span class='ocrx_word' id='word_1_10' title='bbox 561 831 614 884; x_wconf 89' lang='lat'>1.</span> <span class='ocrx_word' id='word_1_11' title='bbox 676 825 937 884; x_wconf 84' lang='lat' dir='ltr'>Meliore</span> <span class='ocrx_word' id='word_1_12' title='bbox 966 827 1097 886; x_wconf 81' lang='lat' dir='ltr'>fato</span> <span class='ocrx_word' id='word_1_13' title='bbox 1127 826 1374 906; x_wconf 91' lang='lat' dir='ltr'>fideque</span> <span class='ocrx_word' id='word_1_14' title='bbox 1404 829 1673 907; x_wconf 89' lang='lat' dir='ltr'>partium</span> <span class='ocrx_word' id='word_1_15' title='bbox 1703 829 2149 890; x_wconf 88' lang='lat' dir='ltr'>Flavianarum</span> <span class='ocrx_word' id='word_1_16' title='bbox 2193 832 2385 893; x_wconf 87' lang='lat' dir='ltr'>duces</span> 
     </span>
     <span class='ocr_line' id='line_1_7' title="bbox 479 922 2385 988; baseline 0.004 -7"><span class='ocrx_word' id='word_1_17' title='bbox 479 922 734 982; x_wconf 85' lang='lat' dir='ltr'>consilia</span> <span class='ocrx_word' id='word_1_18' title='bbox 761 922 909 981; x_wconf 86' lang='lat' dir='ltr'>belli</span> <span class='ocrx_word' id='word_1_19' title='bbox 938 926 1309 984; x_wconf 77' lang='lat' dir='ltr'>tractabant.</span> <span class='ocrx_word' id='word_1_20' title='bbox 1396 925 1844 987; x_wconf 84' lang='lat' dir='ltr'>Poetovionem</span> <span class='ocrx_word' id='word_1_21' title='bbox 1878 929 1941 986; x_wconf 90' lang='lat' dir='ltr'>in</span> <span class='ocrx_word' id='word_1_22' title='bbox 1971 928 2231 988; x_wconf 91' lang='lat' dir='ltr'>hiberna</span> <span class='ocrx_word' id='word_1_23' title='bbox 2258 939 2385 988; x_wconf 87' lang='lat' dir='ltr'>ter-</span> 
     </span>
     <span class='ocr_line' id='line_1_8' title="bbox 479 1020 2382 1104; baseline 0.004 -26"><span class='ocrx_word' id='word_1_24' title='bbox 479 1020 601 1079; x_wconf 85' lang='lat' dir='ltr'>tiae</span> <span class='ocrx_word' id='word_1_25' title='bbox 659 1020 954 1079; x_wconf 83' lang='lat' dir='ltr'>decumae</span> <span class='ocrx_word' id='word_1_26' title='bbox 1024 1021 1284 1099; x_wconf 83' lang='lat' dir='ltr'>legionis</span> <span class='ocrx_word' id='word_1_27' title='bbox 1341 1033 1802 1083; x_wconf 87' lang='lat' dir='ltr'>convenerant:</span> <span class='ocrx_word' id='word_1_28' title='bbox 1871 1024 1997 1084; x_wconf 91' lang='lat' dir='ltr'>illic</span> <span class='ocrx_word' id='word_1_29' title='bbox 2067 1025 2382 1104; x_wconf 85' lang='lat' dir='ltr'>agitavere</span> 
     </span>
     <span class='ocr_line' id='line_1_9' title="bbox 478 1117 2382 1202; baseline 0.005 -27"><span class='ocrx_word' id='word_1_30' title='bbox 478 1119 831 1197; x_wconf 83' lang='lat' dir='ltr'>placeretne</span> <span class='ocrx_word' id='word_1_31' title='bbox 889 1117 1125 1177; x_wconf 83' lang='lat' dir='ltr'>obstrui</span> <span class='ocrx_word' id='word_1_32' title='bbox 1177 1118 1541 1179; x_wconf 90' lang='lat' dir='ltr'>Pannoniae</span> <span class='ocrx_word' id='word_1_33' title='bbox 1590 1121 1805 1199; x_wconf 85' lang='lat' dir='ltr'>Alpes,</span> <span class='ocrx_word' id='word_1_34' title='bbox 1858 1123 2056 1181; x_wconf 92' lang='lat' dir='ltr'>donec</span> <span class='ocrx_word' id='word_1_35' title='bbox 2112 1142 2149 1181; x_wconf 90' lang='lat' dir='ltr'>a</span> <span class='ocrx_word' id='word_1_36' title='bbox 2201 1133 2382 1202; x_wconf 88' lang='lat' dir='ltr'>tergo</span> 
     </span>
     <span class='ocr_line' id='line_1_10' title="bbox 480 1215 2385 1294; baseline 0.002 -19"><span class='ocrx_word' id='word_1_37' title='bbox 480 1215 641 1275; x_wconf 89' lang='lat' dir='ltr'>vires</span> <span class='ocrx_word' id='word_1_38' title='bbox 673 1216 991 1275; x_wconf 87' lang='lat' dir='ltr'>universae</span> <span class='ocrx_word' id='word_1_39' title='bbox 1022 1227 1482 1294; x_wconf 82' lang='lat' dir='ltr'>consurgerent,</span> <span class='ocrx_word' id='word_1_40' title='bbox 1515 1236 1591 1275; x_wconf 90' lang='lat' dir='ltr'>an</span> <span class='ocrx_word' id='word_1_41' title='bbox 1635 1217 1725 1276; x_wconf 92' lang='lat' dir='ltr'>ire</span> <span class='ocrx_word' id='word_1_42' title='bbox 1769 1218 2112 1278; x_wconf 90' lang='lat' dir='ltr'>comminus</span> <span class='ocrx_word' id='word_1_43' title='bbox 2154 1228 2218 1278; x_wconf 88' lang='lat' dir='ltr'>et</span> <span class='ocrx_word' id='word_1_44' title='bbox 2261 1239 2385 1278; x_wconf 90' lang='lat' dir='ltr'>cer-</span> 
     </span>
     <span class='ocr_line' id='line_1_11' title="bbox 478 1311 2381 1394; baseline 0.001 -23"><span class='ocrx_word' id='word_1_45' title='bbox 478 1319 612 1372; x_wconf 85' lang='lat' dir='ltr'>tare</span> <span class='ocrx_word' id='word_1_46' title='bbox 669 1334 781 1391; x_wconf 90' lang='lat' dir='ltr'>pro</span> <span class='ocrx_word' id='word_1_47' title='bbox 839 1311 1023 1371; x_wconf 88' lang='lat' dir='ltr'>Italia</span> <span class='ocrx_word' id='word_1_48' title='bbox 1091 1313 1475 1372; x_wconf 89' lang='lat' dir='ltr'>constantius</span> <span class='ocrx_word' id='word_1_49' title='bbox 1544 1313 1726 1374; x_wconf 90' lang='lat' dir='ltr'>foret.</span> <span class='ocrx_word' id='word_1_50' title='bbox 1812 1314 2053 1386; x_wconf 74' lang='lat' dir='ltr'>Quibus</span> <span class='ocrx_word' id='word_1_51' title='bbox 2111 1316 2381 1394; x_wconf 89' lang='lat' dir='ltr'>opperiri</span> 
     </span>
     <span class='ocr_line' id='line_1_12' title="bbox 480 1410 2381 1485; baseline 0.002 -17"><span class='ocrx_word' id='word_1_52' title='bbox 480 1410 709 1469; x_wconf 84' lang='lat' dir='ltr'>auxilia</span> <span class='ocrx_word' id='word_1_53' title='bbox 764 1419 827 1469; x_wconf 90' lang='lat' dir='ltr'>et</span> <span class='ocrx_word' id='word_1_54' title='bbox 882 1411 1129 1469; x_wconf 89' lang='lat' dir='ltr'>trahere</span> <span class='ocrx_word' id='word_1_55' title='bbox 1185 1410 1422 1469; x_wconf 89' lang='lat' dir='ltr'>bellum</span> <span class='ocrx_word' id='word_1_56' title='bbox 1476 1411 1826 1485; x_wconf 88' lang='lat' dir='ltr'>videbatur,</span> <span class='ocrx_word' id='word_1_57' title='bbox 1877 1411 2381 1471; x_wconf 85' lang='lat' dir='ltr'>Germanicarum</span> 
     </span>
     <span class='ocr_line' id='line_1_13' title="bbox 477 1506 2381 1586; baseline 0.002 -21"><span class='ocrx_word' id='word_1_58' title='bbox 477 1507 791 1586; x_wconf 89' lang='lat' dir='ltr'>legionum</span> <span class='ocrx_word' id='word_1_59' title='bbox 820 1506 948 1566; x_wconf 90' lang='lat' dir='ltr'>vim</span> <span class='ocrx_word' id='word_1_60' title='bbox 978 1507 1327 1585; x_wconf 88' lang='lat' dir='ltr'>famamque</span> <span class='ocrx_word' id='word_1_61' title='bbox 1358 1508 1765 1581; x_wconf 85' lang='lat' dir='ltr'>extollebant,</span> <span class='ocrx_word' id='word_1_62' title='bbox 1790 1518 1853 1568; x_wconf 92' lang='lat' dir='ltr'>et</span> <span class='ocrx_word' id='word_1_63' title='bbox 1883 1508 2204 1568; x_wconf 89' lang='lat' dir='ltr'>advenisse</span> <span class='ocrx_word' id='word_1_64' title='bbox 2234 1530 2381 1568; x_wconf 84' lang='lat' dir='ltr'>mox</span> 
     </span>
     <span class='ocr_line' id='line_1_14' title="bbox 479 1603 2382 1684; baseline 0.002 -22"><span class='ocrx_word' id='word_1_65' title='bbox 479 1624 620 1663; x_wconf 89' lang='lat' dir='ltr'>cum</span> <span class='ocrx_word' id='word_1_66' title='bbox 664 1603 924 1663; x_wconf 90' lang='lat' dir='ltr'>Vitellio</span> <span class='ocrx_word' id='word_1_67' title='bbox 982 1603 1328 1662; x_wconf 85' lang='lat' dir='ltr'>Britannici</span> <span class='ocrx_word' id='word_1_68' title='bbox 1387 1603 1694 1664; x_wconf 84' lang='lat' dir='ltr'>exercitus</span> <span class='ocrx_word' id='word_1_69' title='bbox 1750 1605 2010 1664; x_wconf 86' lang='lat' dir='ltr'>robora:</span> <span class='ocrx_word' id='word_1_70' title='bbox 2067 1605 2216 1684; x_wconf 73' lang='lat' dir='ltr'>is‘pis</span> <span class='ocrx_word' id='word_1_71' title='bbox 2266 1626 2382 1666; x_wconf 91' lang='lat' dir='ltr'>nec</span> 
     </span>
     <span class='ocr_line' id='line_1_15' title="bbox 476 1700 2383 1781; baseline 0.002 -23"><span class='ocrx_word' id='word_1_72' title='bbox 476 1720 804 1759; x_wconf 88' lang='lat' dir='ltr'>numerum</span> <span class='ocrx_word' id='word_1_73' title='bbox 848 1720 1061 1778; x_wconf 87' lang='lat' dir='ltr'>parem</span> <span class='ocrx_word' id='word_1_74' title='bbox 1103 1700 1420 1778; x_wconf 89' lang='lat' dir='ltr'>pulsarum</span> <span class='ocrx_word' id='word_1_75' title='bbox 1464 1721 1662 1778; x_wconf 87' lang='lat' dir='ltr'>nuper</span> <span class='ocrx_word' id='word_1_76' title='bbox 1704 1700 2041 1781; x_wconf 89' lang='lat' dir='ltr'>legionum,</span> <span class='ocrx_word' id='word_1_77' title='bbox 2087 1712 2148 1761; x_wconf 92' lang='lat' dir='ltr'>et</span> <span class='ocrx_word' id='word_1_78' title='bbox 2197 1722 2383 1781; x_wconf 87' lang='lat' dir='ltr'>quan-</span> 
     </span>
     <span class='ocr_line' id='line_1_16' title="bbox 480 1797 2382 1883; baseline 0.002 -28"><span class='ocrx_word' id='word_1_79' title='bbox 480 1817 664 1876; x_wconf 89' lang='lat' dir='ltr'>quam</span> <span class='ocrx_word' id='word_1_80' title='bbox 695 1798 988 1856; x_wconf 86' lang='lat' dir='ltr'>atrociter</span> <span class='ocrx_word' id='word_1_81' title='bbox 1015 1798 1435 1876; x_wconf 88' lang='lat' dir='ltr'>loquerentur,</span> <span class='ocrx_word' id='word_1_82' title='bbox 1467 1797 1769 1856; x_wconf 88' lang='lat' dir='ltr'>minorem</span> <span class='ocrx_word' id='word_1_83' title='bbox 1811 1817 1951 1875; x_wconf 22' lang='lat' dir='ltr'>esse·</span> <span class='ocrx_word' id='word_1_84' title='bbox 1982 1800 2150 1883; x_wconf 81' lang='lat' dir='ltr'>apud</span> <span class='ocrx_word' id='word_1_85' title='bbox 2179 1799 2382 1859; x_wconf 87' lang='lat' dir='ltr'>victos</span> 
     </span>
     <span class='ocr_line' id='line_1_17' title="bbox 480 1894 2381 1973; baseline 0.002 -21"><span class='ocrx_word' id='word_1_86' title='bbox 480 1895 773 1953; x_wconf 89' lang='lat' dir='ltr'>animum.</span> <span class='ocrx_word' id='word_1_87' title='bbox 860 1895 984 1953; x_wconf 87' lang='lat' dir='ltr'>Sed</span> <span class='ocrx_word' id='word_1_88' title='bbox 1014 1894 1259 1954; x_wconf 88' lang='lat' dir='ltr'>insessis</span> <span class='ocrx_word' id='word_1_89' title='bbox 1287 1895 1540 1954; x_wconf 89' lang='lat' dir='ltr'>interim</span> <span class='ocrx_word' id='word_1_90' title='bbox 1570 1894 1838 1973; x_wconf 87' lang='lat' dir='ltr'>Alpibus</span> <span class='ocrx_word' id='word_1_91' title='bbox 1868 1908 2201 1955; x_wconf 89' lang='lat' dir='ltr'>venturum</span> <span class='ocrx_word' id='word_1_92' title='bbox 2241 1917 2381 1956; x_wconf 91' lang='lat' dir='ltr'>cum</span> 
     </span>
     <span class='ocr_line' id='line_1_18' title="bbox 480 1990 2380 2072; baseline 0.002 -21"><span class='ocrx_word' id='word_1_93' title='bbox 480 1991 673 2070; x_wconf 88' lang='lat' dir='ltr'>copiis</span> <span class='ocrx_word' id='word_1_94' title='bbox 697 1990 972 2051; x_wconf 87' lang='lat' dir='ltr'>Orientis</span> <span class='ocrx_word' id='word_1_95' title='bbox 1003 1991 1366 2051; x_wconf 83' lang='lat' dir='ltr'>Mucianum</span> <span class='ocrx_word' id='word_1_96' title='bbox 1390 2012 1406 2066; x_wconf 91' lang='lat'>;</span> <span class='ocrx_word' id='word_1_97' title='bbox 1435 2011 1752 2071; x_wconf 81' lang='lat' dir='ltr'>superesse</span> <span class='ocrx_word' id='word_1_98' title='bbox 1774 1992 2163 2072; x_wconf 88' lang='lat' dir='ltr'>Vespasiano</span> <span class='ocrx_word' id='word_1_99' title='bbox 2186 2013 2380 2069; x_wconf 89' lang='lat' dir='ltr'>mare,</span> 
     </span>
     <span class='ocr_line' id='line_1_19' title="bbox 481 2089 2382 2169; baseline 0.002 -21"><span class='ocrx_word' id='word_1_100' title='bbox 481 2090 720 2161; x_wconf 76' lang='lat' dir='ltr'>classeS,</span> <span class='ocrx_word' id='word_1_101' title='bbox 765 2089 973 2147; x_wconf 87' lang='lat' dir='ltr'>studia</span> <span class='ocrx_word' id='word_1_102' title='bbox 1027 2089 1507 2167; x_wconf 86' lang='lat' dir='ltr'>provinciarum,</span> <span class='ocrx_word' id='word_1_103' title='bbox 1551 2110 1662 2168; x_wconf 88' lang='lat' dir='ltr'>per</span> <span class='ocrx_word' id='word_1_104' title='bbox 1704 2109 1854 2169; x_wconf 89' lang='lat' dir='ltr'>quas</span> <span class='ocrx_word' id='word_1_105' title='bbox 1895 2091 2069 2150; x_wconf 91' lang='lat' dir='ltr'>velut</span> <span class='ocrx_word' id='word_1_106' title='bbox 2127 2091 2382 2152; x_wconf 88' lang='lat' dir='ltr'>alterius</span> 
     </span>
     <span class='ocr_line' id='line_1_20' title="bbox 477 2185 2382 2249; baseline 0.003 -5"><span class='ocrx_word' id='word_1_107' title='bbox 477 2185 627 2244; x_wconf 92' lang='lat' dir='ltr'>belli</span> <span class='ocrx_word' id='word_1_108' title='bbox 655 2185 883 2244; x_wconf 91' lang='lat' dir='ltr'>molem</span> <span class='ocrx_word' id='word_1_109' title='bbox 911 2186 1121 2246; x_wconf 89' lang='lat' dir='ltr'>cieret.</span> <span class='ocrx_word' id='word_1_110' title='bbox 1180 2186 1279 2247; x_wconf 89' lang='lat' dir='ltr'>Ita</span> <span class='ocrx_word' id='word_1_111' title='bbox 1306 2187 1537 2247; x_wconf 89' lang='lat' dir='ltr'>salubri</span> <span class='ocrx_word' id='word_1_112' title='bbox 1566 2206 1739 2247; x_wconf 89' lang='lat' dir='ltr'>mora</span> <span class='ocrx_word' id='word_1_113' title='bbox 1760 2207 1955 2248; x_wconf 88' lang='lat' dir='ltr'>novas</span> <span class='ocrx_word' id='word_1_114' title='bbox 1979 2187 2142 2248; x_wconf 87' lang='lat' dir='ltr'>vires</span> <span class='ocrx_word' id='word_1_115' title='bbox 2164 2188 2382 2249; x_wconf 78' lang='lat' dir='ltr'>adfore</span> 
     </span>
     <span class='ocr_line' id='line_1_21' title="bbox 480 2282 1572 2363; baseline 0.005 -24"><span class='ocrx_word' id='word_1_116' title='bbox 480 2290 544 2339; x_wconf 90' lang='lat' dir='ltr'>et</span> <span class='ocrx_word' id='word_1_117' title='bbox 573 2282 999 2359; x_wconf 88' lang='lat' dir='ltr'>praesentibus</span> <span class='ocrx_word' id='word_1_118' title='bbox 1028 2284 1179 2342; x_wconf 89' lang='lat' dir='ltr'>nihil</span> <span class='ocrx_word' id='word_1_119' title='bbox 1209 2284 1572 2363; x_wconf 89' lang='lat' dir='ltr'>periturum.</span> 
     </span>
    </p>

    <p class='ocr_par' dir='ltr' id='par_1_7' title="bbox 475 2379 2382 3621">
     <span class='ocr_line' id='line_1_22' title="bbox 561 2379 2381 2460; baseline 0.004 -23"><span class='ocrx_word' id='word_1_120' title='bbox 561 2380 617 2437; x_wconf 83' lang='lat'>2.</span> <span class='ocrx_word' id='word_1_121' title='bbox 672 2379 779 2437; x_wconf 90' lang='lat' dir='ltr'>Ad</span> <span class='ocrx_word' id='word_1_122' title='bbox 810 2398 881 2438; x_wconf 88' lang='lat' dir='ltr'>ea</span> <span class='ocrx_word' id='word_1_123' title='bbox 908 2380 1221 2440; x_wconf 89' lang='lat' dir='ltr'>Antonius</span> <span class='ocrx_word' id='word_1_124' title='bbox 1251 2381 1502 2441; x_wconf 89' lang='lat' dir='ltr'>Primus</span> <span class='ocrx_word' id='word_1_125' title='bbox 1538 2382 1618 2460; x_wconf 88' lang='lat' dir='ltr'>(is</span> <span class='ocrx_word' id='word_1_126' title='bbox 1649 2382 1982 2444; x_wconf 85' lang='lat' dir='ltr'>acerrimus</span> <span class='ocrx_word' id='word_1_127' title='bbox 2009 2384 2158 2444; x_wconf 92' lang='lat' dir='ltr'>belli</span> <span class='ocrx_word' id='word_1_128' title='bbox 2186 2384 2381 2444; x_wconf 88' lang='lat' dir='ltr'>conci·</span> 
     </span>
     <span class='ocr_line' id='line_1_23' title="bbox 479 2476 2382 2558; baseline 0.003 -23"><span class='ocrx_word' id='word_1_129' title='bbox 479 2478 671 2555; x_wconf 92' lang='lat' dir='ltr'>tator)</span> <span class='ocrx_word' id='word_1_130' title='bbox 723 2476 1188 2537; x_wconf 81' lang='lat' dir='ltr'>festinationem</span> <span class='ocrx_word' id='word_1_131' title='bbox 1244 2479 1393 2558; x_wconf 89' lang='lat' dir='ltr'>ipsis</span> <span class='ocrx_word' id='word_1_132' title='bbox 1449 2480 1689 2554; x_wconf 91' lang='lat' dir='ltr'>utilem,</span> <span class='ocrx_word' id='word_1_133' title='bbox 1737 2481 2001 2542; x_wconf 90' lang='lat' dir='ltr'>Vitellio</span> <span class='ocrx_word' id='word_1_134' title='bbox 2053 2482 2382 2542; x_wconf 87' lang='lat' dir='ltr'>exitiosam</span> 
     </span>
     <span class='ocr_line' id='line_1_24' title="bbox 480 2575 2380 2655; baseline 0.003 -22"><span class='ocrx_word' id='word_1_135' title='bbox 480 2575 811 2635; x_wconf 86' lang='lat' dir='ltr'>disseruit:</span> <span class='ocrx_word' id='word_1_136' title='bbox 881 2576 1019 2654; x_wconf 92' lang='lat' dir='ltr'>plus</span> <span class='ocrx_word' id='word_1_137' title='bbox 1089 2576 1407 2635; x_wconf 88' lang='lat' dir='ltr'>socordiae</span> <span class='ocrx_word' id='word_1_138' title='bbox 1465 2597 1652 2655; x_wconf 90' lang='lat' dir='ltr'>quam</span> <span class='ocrx_word' id='word_1_139' title='bbox 1717 2577 1983 2638; x_wconf 90' lang='lat' dir='ltr'>fiduciae</span> <span class='ocrx_word' id='word_1_140' title='bbox 2055 2579 2380 2639; x_wconf 88' lang='lat' dir='ltr'>accessisse</span> 
     </span>
     <span class='ocr_line' id='line_1_25' title="bbox 478 2673 2380 2764; baseline 0.001 -31"><span class='ocrx_word' id='word_1_141' title='bbox 478 2674 853 2746; x_wconf 83' lang='lat' dir='ltr'>victoribus3</span> <span class='ocrx_word' id='word_1_142' title='bbox 883 2693 1082 2751; x_wconf 90' lang='lat' dir='ltr'>neque</span> <span class='ocrx_word' id='word_1_143' title='bbox 1114 2673 1276 2764; x_wconf 72' lang='lat' dir='ltr'>enim</span> <span class='ocrx_word' id='word_1_144' title='bbox 1309 2674 1373 2732; x_wconf 91' lang='lat' dir='ltr'>in</span> <span class='ocrx_word' id='word_1_145' title='bbox 1405 2675 1730 2753; x_wconf 90' lang='lat' dir='ltr'>procinctu</span> <span class='ocrx_word' id='word_1_146' title='bbox 1762 2686 1826 2735; x_wconf 93' lang='lat' dir='ltr'>et</span> <span class='ocrx_word' id='word_1_147' title='bbox 1855 2676 2070 2736; x_wconf 88' lang='lat' dir='ltr'>castris</span> <span class='ocrx_word' id='word_1_148' title='bbox 2102 2676 2380 2750; x_wconf 87' lang='lat' dir='ltr'>habitos3</span> 
     </span>
     <span class='ocr_line' id='line_1_26' title="bbox 477 2768 2380 2851; baseline 0.002 -23"><span class='ocrx_word' id='word_1_149' title='bbox 477 2790 590 2848; x_wconf 89' lang='lat' dir='ltr'>per</span> <span class='ocrx_word' id='word_1_150' title='bbox 617 2768 826 2828; x_wconf 86' lang='lat' dir='ltr'>omnia</span> <span class='ocrx_word' id='word_1_151' title='bbox 855 2768 1072 2828; x_wconf 88' lang='lat' dir='ltr'>Italiae</span> <span class='ocrx_word' id='word_1_152' title='bbox 1102 2770 1441 2849; x_wconf 90' lang='lat' dir='ltr'>municipia</span> <span class='ocrx_word' id='word_1_153' title='bbox 1470 2771 1734 2844; x_wconf 87' lang='lat' dir='ltr'>desides,</span> <span class='ocrx_word' id='word_1_154' title='bbox 1758 2780 2004 2831; x_wconf 88' lang='lat' dir='ltr'>tantum</span> <span class='ocrx_word' id='word_1_155' title='bbox 2035 2772 2380 2851; x_wconf 83' lang='lat' dir='ltr'>hospitibus</span> 
     </span>
     <span class='ocr_line' id='line_1_27' title="bbox 477 2865 2381 2948; baseline 0.002 -23"><span class='ocrx_word' id='word_1_156' title='bbox 477 2865 865 2938; x_wconf 76' lang='lat' dir='ltr'>metuendOS,</span> <span class='ocrx_word' id='word_1_157' title='bbox 890 2875 1122 2944; x_wconf 88' lang='lat' dir='ltr'>quanto</span> <span class='ocrx_word' id='word_1_158' title='bbox 1152 2867 1421 2927; x_wconf 81' lang='lat' dir='ltr'>ferocius</span> <span class='ocrx_word' id='word_1_159' title='bbox 1451 2878 1595 2927; x_wconf 90' lang='lat' dir='ltr'>ante</span> <span class='ocrx_word' id='word_1_160' title='bbox 1626 2888 1690 2927; x_wconf 91' lang='lat' dir='ltr'>se</span> <span class='ocrx_word' id='word_1_161' title='bbox 1720 2867 1980 2947; x_wconf 90' lang='lat' dir='ltr'>egerint,</span> <span class='ocrx_word' id='word_1_162' title='bbox 2011 2878 2188 2930; x_wconf 88' lang='lat' dir='ltr'>tanto</span> <span class='ocrx_word' id='word_1_163' title='bbox 2220 2869 2381 2948; x_wconf 88' lang='lat' dir='ltr'>cupi-</span> 
     </span>
     <span class='ocr_line' id='line_1_28' title="bbox 476 2963 2380 3044; baseline 0.001 -21"><span class='ocrx_word' id='word_1_164' title='bbox 476 2963 615 3023; x_wconf 90' lang='lat' dir='ltr'>dius</span> <span class='ocrx_word' id='word_1_165' title='bbox 670 2963 948 3023; x_wconf 87' lang='lat' dir='ltr'>insolitas</span> <span class='ocrx_word' id='word_1_166' title='bbox 991 2965 1346 3044; x_wconf 89' lang='lat' dir='ltr'>voluptates</span> <span class='ocrx_word' id='word_1_167' title='bbox 1402 2965 1696 3025; x_wconf 86' lang='lat' dir='ltr'>hausisse.</span> <span class='ocrx_word' id='word_1_168' title='bbox 1783 2965 1963 3025; x_wconf 88' lang='lat' dir='ltr'>Circo</span> <span class='ocrx_word' id='word_1_169' title='bbox 2007 2986 2252 3044; x_wconf 92' lang='lat' dir='ltr'>quoque</span> <span class='ocrx_word' id='word_1_170' title='bbox 2307 2986 2380 3026; x_wconf 91' lang='lat' dir='ltr'>ac</span> 
     </span>
     <span class='ocr_line' id='line_1_29' title="bbox 475 3049 2380 3123; baseline 0.001 -2"><span class='ocrx_word' id='word_1_171' title='bbox 475 3049 739 3121; x_wconf 90' lang='lat' dir='ltr'>theatris</span> <span class='ocrx_word' id='word_1_172' title='bbox 769 3072 832 3121; x_wconf 91' lang='lat' dir='ltr'>et</span> <span class='ocrx_word' id='word_1_173' title='bbox 863 3062 1239 3123; x_wconf 89' lang='lat' dir='ltr'>amoenitate</span> <span class='ocrx_word' id='word_1_174' title='bbox 1265 3061 1434 3122; x_wconf 90' lang='lat' dir='ltr'>urbis</span> <span class='ocrx_word' id='word_1_175' title='bbox 1457 3063 1764 3122; x_wconf 89' lang='lat' dir='ltr'>emollitos</span> <span class='ocrx_word' id='word_1_176' title='bbox 1789 3072 1897 3121; x_wconf 92' lang='lat' dir='ltr'>aut</span> <span class='ocrx_word' id='word_1_177' title='bbox 1917 3063 2380 3123; x_wconf 88' lang='lat' dir='ltr'>valetudinibus</span> 
     </span>
     <span class='ocr_line' id='line_1_30' title="bbox 476 3158 2382 3237; baseline 0.001 -22"><span class='ocrx_word' id='word_1_178' title='bbox 476 3158 700 3217; x_wconf 87' lang='lat' dir='ltr'>fessos:</span> <span class='ocrx_word' id='word_1_179' title='bbox 743 3159 850 3217; x_wconf 90' lang='lat' dir='ltr'>sed</span> <span class='ocrx_word' id='word_1_180' title='bbox 883 3159 1098 3219; x_wconf 89' lang='lat' dir='ltr'>addito</span> <span class='ocrx_word' id='word_1_181' title='bbox 1143 3158 1343 3237; x_wconf 88' lang='lat' dir='ltr'>spatio</span> <span class='ocrx_word' id='word_1_182' title='bbox 1383 3159 1729 3217; x_wconf 85' lang='lat' dir='ltr'>rediturum</span> <span class='ocrx_word' id='word_1_183' title='bbox 1759 3167 1822 3218; x_wconf 91' lang='lat' dir='ltr'>et</span> <span class='ocrx_word' id='word_1_184' title='bbox 1852 3158 1946 3217; x_wconf 86' lang='lat' dir='ltr'>his</span> <span class='ocrx_word' id='word_1_185' title='bbox 1975 3160 2164 3218; x_wconf 86' lang='lat' dir='ltr'>robur</span> <span class='ocrx_word' id='word_1_186' title='bbox 2191 3159 2382 3218; x_wconf 88' lang='lat' dir='ltr'>medi-</span> 
     </span>
     <span class='ocr_line' id='line_1_31' title="bbox 475 3253 2380 3334; baseline 0.001 -21"><span class='ocrx_word' id='word_1_187' title='bbox 475 3253 713 3314; x_wconf 88' lang='lat' dir='ltr'>tatione</span> <span class='ocrx_word' id='word_1_188' title='bbox 769 3256 951 3331; x_wconf 83' lang='lat' dir='ltr'>belli3</span> <span class='ocrx_word' id='word_1_189' title='bbox 1023 3276 1139 3315; x_wconf 89' lang='lat' dir='ltr'>nec</span> <span class='ocrx_word' id='word_1_190' title='bbox 1206 3257 1420 3334; x_wconf 86' lang='lat' dir='ltr'>procul</span> <span class='ocrx_word' id='word_1_191' title='bbox 1480 3255 1898 3328; x_wconf 85' lang='lat' dir='ltr'>Germaniam,</span> <span class='ocrx_word' id='word_1_192' title='bbox 1957 3256 2121 3314; x_wconf 93' lang='lat' dir='ltr'>unde</span> <span class='ocrx_word' id='word_1_193' title='bbox 2179 3255 2380 3329; x_wconf 84' lang='lat' dir='ltr'>vires3</span> 
     </span>
     <span class='ocr_line' id='line_1_32' title="bbox 476 3349 2379 3431; baseline 0.001 -23"><span class='ocrx_word' id='word_1_194' title='bbox 476 3349 866 3412; x_wconf 89' lang='lat' dir='ltr'>Britanniam</span> <span class='ocrx_word' id='word_1_195' title='bbox 919 3354 1084 3413; x_wconf 84' lang='lat' dir='ltr'>freto</span> <span class='ocrx_word' id='word_1_196' title='bbox 1142 3352 1364 3425; x_wconf 86' lang='lat' dir='ltr'>dirimi,</span> <span class='ocrx_word' id='word_1_197' title='bbox 1395 3352 1581 3431; x_wconf 86' lang='lat' dir='ltr'>juxta</span> <span class='ocrx_word' id='word_1_198' title='bbox 1626 3351 1857 3411; x_wconf 85' lang='lat' dir='ltr'>Gallias</span> <span class='ocrx_word' id='word_1_199' title='bbox 1907 3351 2379 3431; x_wconf 89' lang='lat' dir='ltr'>Hispaniasque,</span> 
     </span>
     <span class='ocr_line' id='line_1_33' title="bbox 478 3447 2380 3529; baseline 0.001 -23"><span class='ocrx_word' id='word_1_200' title='bbox 478 3448 790 3527; x_wconf 89' lang='lat' dir='ltr'>utrimque</span> <span class='ocrx_word' id='word_1_201' title='bbox 846 3449 1029 3524; x_wconf 89' lang='lat' dir='ltr'>viros,</span> <span class='ocrx_word' id='word_1_202' title='bbox 1082 3469 1289 3529; x_wconf 90' lang='lat' dir='ltr'>equos,</span> <span class='ocrx_word' id='word_1_203' title='bbox 1337 3448 1592 3522; x_wconf 89' lang='lat' dir='ltr'>tributa,</span> <span class='ocrx_word' id='word_1_204' title='bbox 1639 3448 1960 3528; x_wconf 89' lang='lat' dir='ltr'>ipsamque</span> <span class='ocrx_word' id='word_1_205' title='bbox 2011 3447 2259 3509; x_wconf 82' lang='lat' dir='ltr'>Italiam</span> <span class='ocrx_word' id='word_1_206' title='bbox 2317 3457 2380 3508; x_wconf 91' lang='lat' dir='ltr'>et</span> 
     </span>
     <span class='ocr_line' id='line_1_34' title="bbox 476 3545 2379 3621; baseline 0.001 -18"><span class='ocrx_word' id='word_1_207' title='bbox 476 3563 628 3621; x_wconf 86' lang='lat' dir='ltr'>opes</span> <span class='ocrx_word' id='word_1_208' title='bbox 658 3545 862 3619; x_wconf 91' lang='lat' dir='ltr'>urbis;</span> <span class='ocrx_word' id='word_1_209' title='bbox 905 3566 975 3604; x_wconf 93' lang='lat' dir='ltr'>ac</span> <span class='ocrx_word' id='word_1_210' title='bbox 1004 3546 1055 3605; x_wconf 85' lang='lat' dir='ltr'>si</span> <span class='ocrx_word' id='word_1_211' title='bbox 1084 3546 1310 3605; x_wconf 77' lang='lat' dir='ltr'>inferre</span> <span class='ocrx_word' id='word_1_212' title='bbox 1341 3566 1511 3605; x_wconf 90' lang='lat' dir='ltr'>arma</span> <span class='ocrx_word' id='word_1_213' title='bbox 1540 3546 1701 3605; x_wconf 88' lang='lat' dir='ltr'>ultro</span> <span class='ocrx_word' id='word_1_214' title='bbox 1734 3546 1946 3618; x_wconf 85' lang='lat' dir='ltr'>velint,</span> <span class='ocrx_word' id='word_1_215' title='bbox 1977 3545 2129 3605; x_wconf 87' lang='lat' dir='ltr'>duas</span> <span class='ocrx_word' id='word_1_216' title='bbox 2159 3547 2379 3606; x_wconf 84' lang='lat' dir='ltr'>classes</span> 
     </span>
    </p>
   </div>
  </div>
 </body>
</html>
