2738 4048
370 274 452 337 84
933 286 1326 334 EXCERPTA
1369 285 1800 335 TACITIANA.

556 446 652 506 29.
720 444 984 525 Ignarus
1013 445 1266 504 interim
1298 444 1497 504 Galba
1526 453 1589 503 et
1618 445 1805 504 sacris
1833 445 2114 505 intentus
2155 444 2375 524 fatiga-

473 543 582 603 bat
612 535 796 601 alieni
828 543 962 621 jam
990 541 1235 621 imperii
1264 541 1430 614 de08‚
1463 561 1602 600 cum
1633 542 1885 601 affertur
1913 561 2123 601 rumor
2150 542 2281 621 rapi
2310 542 2374 601 in

476 652 678 699 castra
720 639 1026 698 incertum
1070 658 1254 716 quem
1297 648 1664 711 senatorem,
1695 658 1841 696 mox
1885 638 2202 698 Othonem
2243 657 2374 698 esse

477 736 582 815 qui
623 746 981 815 raperetur:
1026 731 1204 794 simul
1248 755 1323 795 ex
1367 745 1504 794 tota
1544 735 1712 808 urbe,
1742 745 1813 794 ut
1856 736 2113 815 quisque
2155 734 2376 795 obvius

169 848 400 949 Ἃδ
478 833 700 904 fuerat,
744 831 848 889 alii
890 831 1222 890 formidine
1267 840 1582 910 augentes,
1625 831 1878 911 quidam
1925 832 2169 891 minora
2213 852 2376 906 vero,

373 940 376 943 ’
475 948 555 987 ne
592 938 729 987 tum
757 927 1009 1006 quidem
1040 928 1217 986 obliti
1248 928 1643 987 adulationis,
1727 927 1930 1007 Igitur
1974 929 2374 988 consultanti-

439 1029 443 1034 “
476 1026 591 1083 bus
618 1024 852 1102 placuit
878 1024 1221 1116 pertentari
1253 1024 1528 1083 animum
1557 1025 1827 1084 cohortis
1856 1044 2011 1105 quae
2039 1026 2103 1084 in
2128 1024 2375 1084 Palatio

476 1121 810 1182 stationem
839 1121 1077 1200 agebat,
1107 1141 1220 1180 nec
1249 1141 1359 1200 per
1389 1122 1589 1200 ipsum
1621 1121 1900 1195 Galbam,
1932 1123 2105 1200 cujus
2134 1122 2378 1201 integra

478 1219 811 1278 auctoritas
868 1218 1200 1297 majoribus
1257 1219 1544 1278 remediis
1599 1220 1975 1279 servabatur.
2060 1219 2208 1279 Piso
2264 1239 2375 1299 pro

370 1332 433 1378 1ο
473 1317 769 1397 gradibus
799 1317 1017 1375 domus
1047 1327 1300 1375 vocatos
1329 1316 1394 1374 in
1423 1318 1588 1375 hunc
1614 1317 1870 1375 modum
1901 1316 2204 1375 allocutus
2245 1325 2376 1377 est:

477 1422 494 1451 ⁶
511 1423 721 1473 sextus
747 1414 877 1472 dies
902 1414 1121 1491 agitur,
1146 1413 1615 1486 commilitoneS,
1636 1433 1711 1471 ex
1737 1432 1855 1491 quo
1887 1396 2136 1492 ignarus
2163 1413 2378 1488 futuri,

478 1521 542 1571 et
598 1511 728 1570 sive
784 1510 1126 1588 optandum
1183 1510 1301 1567 hoc
1356 1529 1580 1568 nomen
1638 1509 1767 1569 sive
1821 1509 2167 1569 timendum
2224 1519 2377 1585 erat,

479 1611 705 1671 Caesar
722 1609 991 1666 adscitus
1016 1627 1167 1680 sum,
1188 1627 1308 1686 quo
1334 1607 1555 1665 domus
1578 1617 1822 1666 nostrae
1846 1618 1953 1666 aut
1982 1608 2069 1666 rei
2098 1608 2377 1687 publicae

475 1705 626 1778 fato,
656 1706 718 1765 in
747 1714 951 1763 vestra
982 1725 1166 1763 manu
1196 1704 1470 1782 positum
1493 1714 1621 1776 est3
1651 1724 1775 1762 non
1799 1704 1941 1784 quia
1963 1723 2101 1764 meo
2126 1706 2377 1767 nomine

370 1818 431 1863 15
475 1803 808 1862 tristiorem
839 1821 1047 1860 casum
1076 1821 1351 1879 paveam,
1383 1811 1452 1859 ut
1481 1800 1584 1879 qui
1615 1801 1905 1860 adversas
1946 1820 2042 1861 res
2085 1813 2376 1882 expertus

478 1920 619 1959 cum
674 1900 942 1957 maxime
986 1900 1217 1958 discam
1261 1919 1339 1957 ne
1384 1900 1682 1958 secundas
1726 1899 1976 1978 quidem
2016 1899 2219 1958 minus
2262 1901 2380 1960 dis-

478 1995 750 2054 criminis
799 1995 1062 2054 habere:
1119 1995 1310 2074 patris
1362 2004 1426 2055 et
1482 2006 1730 2056 senatus
1779 2005 1845 2056 et
1888 1995 2080 2075 ipsius
2134 1996 2376 2077 imperii

477 2093 676 2152 vicem
708 2093 905 2165 doleo,
936 2092 985 2151 si
1015 2093 1191 2152 nobis
1221 2103 1328 2153 aut
1358 2093 1557 2182 perire
1591 2093 1777 2180 hodie
1819 2114 2068 2154 necesse
2111 2103 2221 2179 est,
2252 2106 2377 2169 aut,

479 2194 645 2271 quod
675 2214 867 2272 aeque
909 2197 1071 2273 apud
1112 2198 1306 2258 bonos
1349 2200 1643 2259 miserum
1687 2210 1796 2274 est,
1827 2200 2124 2260 occidere.
2212 2197 2377 2257 Sola-

370 2303 433 2349 20
477 2290 639 2348 cium
693 2291 957 2369 proximi
1014 2304 1218 2353 motus
1268 2297 1644 2357 habebamus
1700 2298 2087 2357 incruentam
2143 2295 2374 2368 urbem,

480 2396 543 2448 et
585 2408 683 2447 res
725 2388 855 2447 sine
899 2389 1204 2451 discordia
1247 2396 1615 2454 translatas:
1672 2395 1988 2474 provisum
2038 2393 2375 2472 adoptione

480 2487 825 2562 videbatur,
883 2498 952 2550 ut
1014 2511 1091 2549 ne
1145 2501 1287 2570 post
1343 2492 1607 2551 Galbam
1664 2493 1914 2573 quidem
1969 2492 2133 2552 bello
2203 2491 2375 2551 locus

481 2585 679 2653 esset?

559 2685 654 2744 30.
725 2691 741 2721 ‘
760 2685 937 2745 Nihil
968 2687 1265 2765 arrogabo
1294 2687 1447 2746 mihi
1482 2687 1824 2747 nobilitatis
1854 2696 1963 2748 aut
1990 2686 2374 2760 modestiae3

479 2802 677 2862 neque
721 2783 885 2841 enim
925 2784 1125 2842 relatu
1162 2783 1465 2844 virtutum
1509 2784 1574 2843 in
1619 2785 2077 2864 comparatione
2108 2784 2377 2844 Othonis

477 2885 631 2958 opus
674 2890 806 2939 est:
849 2880 1019 2954 vitia,
1065 2881 1284 2959 quibus
1326 2881 1471 2941 solis
1513 2882 1827 2960 gloriatur,
1873 2893 2148 2943 evertere
2190 2881 2377 2960 impe-

477 2978 656 3051 rium,
680 2977 869 3037 etiam
899 2998 1035 3037 cum
1069 2977 1329 3037 amicum
1361 2978 1745 3057 imperatoris
1769 2989 1997 3058 ageret.
2057 2979 2376 3038 Habitune

476 3083 538 3131 et
567 3074 807 3135 incessu
837 3095 913 3133 an
943 3075 1049 3134 illo
1080 3075 1360 3134 muliebri
1391 3088 1610 3134 ornatu
1639 3086 1978 3135 mereretur
2004 3075 2330 3154 imperium
2349 3075 2378 3133 *Ρ

478 3170 807 3230 Falluntur
849 3172 1068 3251 quibus
1109 3171 1353 3230 luxuria
1396 3172 1598 3251 specie
1639 3172 2025 3232 liberalitatis
2066 3171 2376 3252 imponit:

479 3268 734 3343 perdere
791 3269 909 3328 iste
966 3269 1136 3342 sciet,
1183 3269 1412 3327 donare
1468 3269 1720 3328 nesciet.
1808 3269 2036 3348 Stupra
2090 3289 2255 3327 nunc
2310 3278 2376 3327 et

480 3363 944 3424 comissationes
973 3376 1034 3425 et
1062 3365 1432 3424 feminarum
1464 3377 1676 3425 coetus
1704 3367 1904 3425 volvit
1933 3366 2140 3425 animo
2167 3385 2179 3424 :
2221 3366 2376 3424 haec

479 3458 858 3536 principatus
900 3462 1171 3539 praemia
1212 3471 1408 3539 putat,
1438 3481 1696 3540 quorum
1738 3462 1930 3521 libido
1974 3483 2045 3522 ac
2088 3462 2377 3539 voluptas

374 3565 435 3610 10
477 3572 666 3630 penes
694 3555 893 3631 ipsum
933 3557 1028 3628 sit,
1058 3556 1245 3614 rubor
1276 3579 1346 3617 ac
1377 3559 1646 3617 dedecus
1675 3579 1864 3636 penes
1894 3579 2147 3633 omnes3
2189 3579 2375 3618 nemo

370 3087 400 3130 ξπ
