2738 4048
717 285 1105 335 EonRP‘rA
1149 285 1458 333 mALom
1503 286 1603 331 DE
1648 284 2132 333 ORATORIBUS.
2313 272 2443 338 159

433 446 518 505 Hi
548 445 850 506 clientelis
893 444 1078 504 etiarn
1121 454 1472 503 exterarum
1513 441 1835 502 nationum
1875 443 2332 521 redundabant,

430 545 544 603 hos
584 542 733 603 ituri
773 542 837 600 in
880 542 1228 621 provincias
1270 540 1671 619 magistratus
1720 541 2178 617 reverebantur,
2220 546 2332 604 hos

429 640 660 700 reversi
692 639 996 712 colebant,
1026 640 1138 698 hos
1167 650 1230 699 et
1257 646 1585 716 praeturae
1622 645 1685 695 et
1728 638 2081 699 consulatus
2109 660 2332 701 vocare

429 739 594 798 ultro
623 736 1035 810 videbantur3
1075 735 1140 794 hi
1171 755 1247 794 ne
1277 733 1508 814 privati
1551 732 1805 811 quidem
1847 734 1978 794 sine
2020 746 2332 815 potestate
2374 751 2440 799 25

430 843 625 908 erant,
658 853 798 892 cum
828 842 891 892 et
920 833 1219 912 populum
1248 840 1313 891 et
1342 838 1628 891 senatum
1668 830 1923 891 consilio
1968 841 2031 893 et
2074 834 2335 894 auctori-

428 941 560 991 tate
592 941 897 1010 regerent.

509 1029 603 1088 37.
661 1027 897 1088 Crescit
926 1028 1090 1086 enim
1120 1047 1261 1087 curn
1289 1025 1698 1105 amplitudine
1727 1048 1933 1088 rerum
1954 1029 2050 1089 vis
2076 1029 2328 1109 ingenii,

426 1145 542 1184 nec
587 1123 908 1206 quiSquam
961 1125 1187 1184 claram
1234 1132 1299 1182 et
1345 1123 1646 1184 illustrem
1698 1126 2039 1196 orationem
2091 1128 2328 1187 efficere

426 1231 651 1300 potest,
689 1222 807 1281 nisi
854 1221 959 1301 qui
1008 1241 1256 1281 causam
1297 1241 1509 1300 parem
1555 1222 1813 1282 invenit.
1895 1222 2061 1297 Non,
2094 1224 2328 1302 opinor,

426 1318 912 1379 Demosthenem
938 1318 1245 1378 orationes
1267 1320 1580 1378 illustrant
1603 1339 1751 1398 quas
1775 1320 2069 1380 adversus
2090 1330 2328 1381 tutores

426 1437 567 1476 suos
611 1416 976 1496 composuit,
1005 1436 1121 1475 nec
1161 1416 1524 1477 Ciceronem
1567 1437 1861 1497 magnum
1903 1428 2211 1478 oratorem
2254 1418 2329 1477 P.
2404 1433 2434 1478 5

428 1514 757 1585 Quinctius
786 1513 1076 1573 defensus
1107 1522 1214 1572 aut
1243 1513 1517 1574 Licinius
1546 1514 1808 1574 Archias
1849 1514 2123 1574 faciunt:
2168 1516 2330 1576 Cati-

423 1611 549 1670 lina
578 1621 642 1671 et
671 1611 829 1670 Milo
859 1621 922 1671 et
950 1611 1184 1684 Verres
1226 1621 1289 1671 et
1318 1612 1631 1671 Antonius
1659 1612 1818 1671 hanc
1846 1611 1935 1670 illi
1964 1612 2188 1671 famam
2217 1613 2328 1672 cir-

426 1708 913 1769 cumdederunt:
969 1729 1094 1768 non
1141 1708 1283 1789 quia
1330 1709 1493 1768 tanti
1541 1708 1664 1769 fuit
1713 1708 2082 1788 reipublicae
2133 1711 2326 1769 malos

423 1808 581 1867 ferre
626 1810 807 1882 cives,
839 1817 909 1868 ut
937 1807 1188 1867 uberem
1219 1807 1298 1865 ad
1328 1805 1660 1865 dicendum
1698 1804 2022 1865 materiam
2048 1815 2326 1866 oratores

423 1905 742 1979 haberent,
774 1906 903 1979 sed,
935 1914 1005 1964 ut
1046 1904 1306 1965 subinde
1349 1903 1673 1976 admoneo,
1703 1902 2076 1981 quaestionis
2118 1903 2325 1962 memi-
2368 1919 2429 1964 10

422 2003 694 2064 nerimus
737 2004 1123 2084 sciamusque
1167 2022 1281 2063 nos
1321 2001 1401 2061 de
1444 2020 1518 2061 ea
1557 2020 1622 2061 re
1664 1999 1851 2080 loqui,
1883 2019 2039 2080 quae
2080 2000 2322 2061 facilius

421 2101 689 2161 turbidis
731 2110 794 2160 et
835 2101 1128 2182 inquietis
1166 2100 1548 2180 temporibus
1578 2097 1808 2158 existit.
1893 2098 2049 2170 Quis
2074 2098 2321 2177 ignorat

423 2198 636 2258 utilius
686 2217 755 2257 ac
799 2197 1019 2258 melius
1067 2218 1198 2258 esse
1239 2197 1357 2257 frui
1407 2216 1558 2276 pace
1609 2216 1793 2275 quam
1849 2196 2012 2255 bello
2062 2195 2326 2255 vexari?

422 2296 627 2374 plures
655 2304 865 2354 tamen
887 2295 1084 2354 bonos
1111 2295 1516 2373 proeliatores
1543 2294 1703 2353 bella
1727 2314 1910 2373 quam
1932 2314 2053 2372 pax
2082 2293 2319 2353 ferunt:

422 2391 636 2451 similis
666 2392 1050 2472 eloquentiae
1080 2391 1379 2452 condicio.
1463 2391 1630 2450 Nam
1660 2411 1781 2469 quo
1811 2391 2052 2468 saepius
2081 2391 2323 2451 steterit
2368 2406 2428 2451 15

422 2470 730 2568 tanquam³
758 2489 820 2547 in
864 2489 1011 2563 acie,
1038 2507 1281 2568 quoque
1309 2488 1516 2567 plures
1546 2497 1609 2547 et
1636 2486 1917 2547 intulerit
1945 2487 2103 2547 ictus
2133 2496 2196 2546 et
2225 2507 2324 2546 ex-

422 2586 673 2664 ceperit,
698 2605 938 2665 quoque
961 2587 1231 2665 majores
1261 2584 1646 2644 adversarios
1675 2583 2060 2661 acrioresque
2082 2603 2322 2661 pugnas

422 2682 538 2741 sibi
579 2682 712 2761 ipsa
742 2682 1167 2760 desumpserit,
1198 2692 1376 2741 tanto
1420 2680 1601 2741 altior
1643 2689 1707 2739 et
1749 2679 2048 2739 excelsior
2090 2688 2155 2738 et
2195 2679 2318 2739 illis

420 2779 750 2839 nobilitata
778 2778 1232 2838 discriminibus
1274 2778 1337 2836 in
1382 2797 1487 2837 ore
1530 2776 1850 2836 hominum
1880 2775 2029 2855 agit,
2061 2795 2322 2854 quorum

423 2895 496 2935 ea
523 2884 745 2936 natura
772 2885 882 2949 est,
912 2884 981 2935 ut
1008 2876 1044 2913 ²*
1086 2879 1120 2913 ³⁸⁵
1154 2893 1366 2935 secura
1394 2874 1609 2935 velint.
2362 2888 2428 2934 20
