2738 4048
806 290 1210 340 ANNALIUM
1252 290 1473 338 LIBER
1518 290 1817 338 PRnuus.
2245 268 2329 333 41

319 453 445 515 suis
474 450 840 524 reddantur,
869 450 1007 527 plus
1040 449 1457 528 periculorum
1497 447 1854 527 suscipere?
1932 446 2082 506 Non
2124 446 2228 507 ob-
2266 461 2328 507 25

320 549 580 611 trectari
608 567 645 607 a
672 568 737 607 se
766 547 1033 606 urbanas
1071 546 1361 605 excubias
1387 566 1401 604 :
1443 545 1561 605 sibi
1599 556 1810 604 tamen
1839 544 2005 623 apud
2032 544 2227 604 horri-
2425 580 2460 635 γ

322 649 433 708 das
460 656 681 728 gentes
710 664 743 704 e
776 643 1197 703 contuberniis
1224 644 1471 703 hostem
1500 642 1708 721 aspici.
2239 630 2273 707 >k
2359 617 2415 691 1⁰
2453 660 2522 693 st
2506 666 2674 709 mr„

250 735 255 740 ’
433 746 527 804 18.
608 741 989 820 Astrepebat
1044 741 1286 818 vulgus,
1337 739 1599 798 diversis
1660 738 2099 812 incitamentiS,
2157 738 2226 798 hi

320 842 652 902 verberum
681 848 880 913 notas,
910 837 1004 897 illi
1047 836 1355 909 canitiem,
1386 835 1636 915 plurimi
1679 836 1910 921 detrita
1948 834 2228 914 tegmina

324 949 389 1000 et
417 940 654 999 nudum
694 957 915 1016 corpus
962 933 1431 1013 exprobrantes·
1514 932 1842 992 Postremo
1885 952 1959 992 eo
2000 932 2227 993 furoris

323 1056 570 1110 venere,
599 1045 670 1095 ut
704 1043 829 1095 tres
873 1032 1150 1111 legiones
1194 1030 1453 1089 miscere
1494 1029 1559 1088 in
1602 1049 1788 1088 unam
1831 1029 2227 1108 agitaverint.

325 1132 589 1212 Depulsi
633 1131 1062 1203 aemulatione,
1107 1127 1253 1208 quia
1300 1145 1448 1186 suae
1499 1126 1753 1205 quisque
1802 1125 2036 1205 legioni
2085 1145 2227 1185 eum
2302 1140 2333 1186 5

324 1231 627 1290 honorem
669 1228 1065 1308 quaerebant,
1100 1225 1220 1284 alio
1250 1232 1507 1284 vertunt
1543 1232 1727 1301 atque
1757 1242 1881 1281 una
1907 1233 2035 1282 tres
2064 1222 2232 1302 aqui-

276 1376 277 1381 ,
325 1327 417 1387 las
444 1336 509 1386 et
536 1327 712 1405 signa
740 1324 1091 1385 cohortium
1122 1324 1371 1394 locant3
1414 1319 1598 1380 simul
1628 1328 1972 1399 congerunt
2003 1318 2230 1399 caespi-

326 1434 441 1498 tes,
497 1431 828 1483 exstruunt
882 1421 1171 1493 tribunal,
1232 1440 1353 1499 quo
1409 1417 1608 1497 magis
1665 1417 1998 1496 conspicua
2051 1418 2230 1479 sedes

325 1520 512 1580 foret.
594 1518 1080 1599 Properantibus
1124 1518 1382 1577 Blaesus
1427 1514 1703 1588 advenit,
1746 1513 2229 1593 increpabatque

328 1595 400 1676 ac
427 1617 738 1676 retinebat
764 1616 1057 1695 singulos,
1088 1615 1412 1674 clamitans
1456 1620 1473 1649 ‘
1492 1631 1632 1670 mea
1659 1611 1868 1689 potius
1908 1611 2096 1670 caede
2125 1611 2234 1670 im·
2274 1627 2335 1672 10

327 1713 500 1773 buite
528 1733 778 1773 manus:
807 1712 1039 1772 leviore
1061 1712 1298 1792 flagitio
1329 1711 1605 1790 legatum
1635 1707 2024 1766 interficietis
2047 1725 2232 1786 quam

330 1811 408 1869 ab
437 1810 805 1889 imperatore
835 1809 1194 1870 desciscitis,
1280 1809 1417 1868 Aut
1454 1805 1782 1867 incolumis
1816 1804 2009 1863 fidem
2048 1804 2234 1884 legio-

329 1927 480 1965 num
506 1907 807 1981 retinebo,
837 1918 945 1967 aut
970 1909 1289 1988 jugulatus
1323 1907 1777 1987 paenitentiam
1810 1902 2205 1965 accelerabo.’

439 2005 532 2064 19.
614 2004 1055 2085 Aggerabatur
1081 2005 1275 2066 nihilo
1309 2006 1512 2067 minus
1546 2027 1793 2086 caespes
1821 2009 2075 2088 jamque
2098 2028 2236 2088 peo-

327 2102 454 2161 tori
509 2103 644 2182 ejus
699 2122 890 2181 usque
947 2113 1320 2176 accreverat,
1372 2123 1512 2164 cum
1568 2105 1825 2164 tandem
1881 2104 2233 2184 pervicacia

329 2198 484 2259 victi
522 2198 841 2277 inceptum
883 2200 1162 2260 omisere.
1248 2200 1506 2260 Blaesus
1547 2203 1743 2262 multa
1784 2203 2036 2263 dicendi
2080 2212 2232 2277 arte,

329 2316 456 2354 non
510 2315 623 2374 per
676 2295 1046 2355 seditionem
1095 2308 1160 2356 et
1216 2298 1431 2357 turbas
1486 2299 1795 2360 desideria
1837 2300 2110 2361 militum
2154 2298 2235 2359 ad

333 2392 659 2453 Caesarem
695 2393 956 2453 ferenda
992 2393 1099 2468 ait,
1128 2414 1327 2473 neque
1362 2405 1609 2457 veteres
1639 2398 1716 2457 ab
1755 2398 2232 2478 imperatoribus
2307 2409 2340 2456 5

328 2490 547 2569 priscis
574 2510 773 2570 neque
802 2491 968 2570 ipsos
998 2510 1034 2551 a
1062 2492 1209 2552 divo
1234 2493 1525 2572 Augusto
1555 2505 1685 2555 tam
1712 2515 1878 2555 nova
1904 2495 2235 2574 petivisse3

330 2595 398 2646 et
417 2606 634 2665 parum
661 2588 726 2646 in
748 2598 1029 2668 tempore
1061 2588 1432 2669 incipientes
1456 2591 1752 2671 principis
1776 2611 1952 2651 curas
1975 2591 2235 2651 onerari.

335 2683 404 2745 Si
440 2693 648 2743 tamen
687 2685 1020 2746 tenderent
1059 2686 1126 2745 in
1164 2707 1317 2765 pace
1359 2696 1605 2748 tentare
1642 2707 1798 2767 quae
1840 2708 1917 2747 ne
1961 2687 2238 2747 civilium

332 2780 584 2860 quidem
622 2782 926 2842 bellorum
973 2783 1240 2844 victores
1282 2785 1836 2864 expostulaverint,
1868 2805 1977 2844 cur
2018 2793 2237 2844 contra

329 2897 569 2937 morem
592 2878 887 2957 obsequii,
913 2889 1129 2941 contra
1152 2881 1247 2940 fas
1271 2881 1635 2960 disciplinae
1657 2881 1787 2942 vim
1816 2879 2241 2940 meditentur?
2280 2893 2342 2940 10

330 2975 736 3035 decernerent
766 2976 1003 3055 legatos
1034 2997 1221 3057 seque
1253 2998 1462 3037 coram
1491 2978 1786 3038 mandata
1815 2978 2057 3036 darent.
2114 2977 2234 3037 Ac-
2255 2976 2358 3086 χ

332 3071 676 3131 clamavere
707 3081 777 3133 ut
803 3073 967 3134 filius
998 3074 1206 3134 Blaesi
1234 3075 1523 3134 tribunus
1552 3074 1863 3153 legatione
1906 3092 1978 3132 ea
2019 3073 2235 3182 funge-

330 3177 523 3241 retur,
541 3178 911 3251 peteretque
934 3171 1235 3231 militibus
1256 3171 1614 3231 missionem
1637 3170 1714 3229 ab
1736 3169 2005 3229 sedecim
2028 3169 2236 3229 annis:

333 3274 541 3325 cetera
579 3268 1002 3342 mandaturos,
1032 3268 1142 3327 ubi
1170 3268 1372 3347 prima
1401 3267 1856 3347 provenissent.
1941 3266 2238 3332 Profecto

330 3362 562 3441 juvene
592 3365 908 3425 modicum
932 3365 1163 3425 otium:
1192 3365 1303 3424 sed
1326 3365 1646 3444 superbire
1667 3364 1863 3436 mileS,
1887 3365 2053 3443 quod
2075 3364 2238 3424 filius
2281 3377 2341 3424 15

332 3458 546 3537 legati,
577 3472 788 3522 orator
816 3462 1100 3541 publicae
1130 3480 1368 3535 causae,
1398 3462 1548 3521 satis
1586 3461 1943 3521 ostenderet
1982 3461 2241 3522 necessi-

331 3563 465 3615 tate
494 3576 786 3636 expressa
815 3578 970 3637 quae
999 3577 1112 3637 per
1138 3556 1513 3618 modestiam
1539 3578 1665 3617 non
1696 3557 2125 3619 obtinuissent.
