2738 4048
659 289 1053 339 ExcERPTA
1100 289 1410 338 DIALOGI
1453 289 1554 336 DE
1597 287 2083 338 onA'romBUs.
2265 275 2393 343 157

379 503 384 506 Α
464 451 560 511 31.
616 449 719 509 Ita
762 457 857 508 est
899 448 1083 521 enim,
1123 446 1342 526 optimi
1385 446 1524 520 viri,
1562 445 1685 505 ita:
1731 465 1807 504 ex
1852 447 2053 506 multa
2084 448 2285 508 eru‘di-

382 547 556 608 tione
587 556 651 607 et
677 545 959 625 plurimis
988 545 1223 604 artibus
1252 553 1316 604 et
1345 544 1625 603 omnium
1662 563 1871 602 rerum
1900 544 2162 604 scientia
2190 566 2290 605 ex-

379 644 578 703 undat
626 652 690 702 et
733 643 1033 702 exuberat
1075 642 1181 700 illa
1224 639 1604 699 admirabilis
1648 640 2042 720 eloquentia;
2084 662 2288 722 neque

380 740 643 800 oratoris
670 738 764 798 vis
806 749 871 798 et
909 738 1195 810 facultas,
1227 737 1387 797 sicut
1428 745 1776 797 ceterarum
1816 757 2044 812 rerum,
2073 759 2290 819 angus·

379 836 461 896 tis
484 847 549 896 et
570 836 862 896 brevibus
886 834 1166 895 terminis
1189 834 1477 907 cluditur,
1496 834 1603 894 sed
1635 833 1688 893 is
1717 843 1812 895 est
1835 846 2059 909 orator,
2084 837 2290 917 quide
2361 850 2393 896 5

380 932 550 992 omni
579 932 936 1011 quaestione
967 931 1220 1015 pulchre
1249 939 1313 990 et
1342 941 1560 990 ornate
1590 942 1654 991 et
1678 932 1757 991 ad
1788 933 2287 1011 persuadendum

380 1038 523 1108 apte
567 1030 792 1102 dicere,
835 1048 945 1108 pro
987 1028 1293 1107 dignitate
1335 1048 1564 1103 rerum,
1606 1030 1684 1088 ad
1741 1030 2078 1091 utilitatem
2130 1041 2281 1091 tem-

379 1146 619 1204 porum,
656 1145 795 1185 cum
826 1127 1154 1204 voluptate
1182 1125 1576 1185 audientium
1603 1126 1817 1205 possit.

462 1222 602 1282 Hoc
630 1223 746 1282 sibi
775 1222 863 1281 illi
892 1231 1134 1282 veteres
1162 1236 1609 1301 persuaserant,
1640 1225 1720 1282 ad
1749 1225 1866 1283 hoc
1895 1224 2287 1284 efficiendum

380 1318 815 1402 intelligebant
856 1339 1012 1398 opus
1054 1338 1206 1393 esse,
1237 1341 1361 1380 non
1391 1330 1462 1380 ut
1491 1321 1554 1379 in
1585 1321 1901 1380 rhetorum
1928 1322 2155 1380 scholis
2186 1321 2289 1380 de·
2332 1336 2391 1382 10

381 1417 738 1490 clamarent,
779 1436 896 1476 nec
940 1426 1012 1476 ut
1059 1416 1221 1477 fictis
1266 1438 1382 1478 nec
1421 1419 1549 1478 ullo
1593 1419 1781 1478 modo
1832 1418 1910 1477 ad
1953 1419 2284 1479 veritatem

381 1513 820 1574 accedentibus
877 1515 1314 1575 controversiis
1368 1515 1645 1595 linguam
1700 1514 1886 1574 modo
1943 1525 2006 1574 et
2061 1534 2284 1574 vocem

381 1619 760 1684 exercerent,
782 1611 892 1670 sed
913 1620 983 1669 ut
1004 1610 1081 1670 iis
1103 1612 1339 1672 artibus
1362 1622 1579 1691 pectus
1600 1612 1949 1691 implerent,
1973 1611 2037 1670 in
2063 1611 2283 1692 quibus

380 1708 459 1767 de
488 1706 666 1766 bonis
696 1726 767 1766 ac
796 1706 990 1780 malis,
1022 1708 1100 1768 de
1142 1710 1406 1769 honesto
1447 1720 1511 1769 et
1553 1709 1739 1787 turpi,
1769 1708 1847 1768 de
1879 1708 2053 1787 justo
2095 1717 2158 1768 et
2199 1709 2286 1767 in-

355 1850 360 1854 -
369 1804 544 1883 justo
586 1803 976 1882 disputatur3
1030 1807 1185 1865 haec
1235 1806 1401 1866 enim
1450 1814 1544 1866 est
1589 1805 1824 1865 oratori
1874 1806 2160 1885 subjecta
2204 1805 2283 1867 ad
2326 1820 2388 1867 15

379 1900 716 1960 dicendum
745 1901 1024 1962 materia.
1106 1902 1274 1961 Nam
1303 1903 1367 1962 in
1399 1902 1653 1981 judiciis
1682 1902 1810 1961 fere
1839 1903 1918 1961 de
1950 1902 2281 1981 aequitate,

379 1999 440 2060 in
492 2000 1044 2062 deliberationibus
1092 2001 1166 2062 de
1218 2003 1507 2075 utilitate,
1557 2004 1627 2060 in
1675 1999 2146 2060 laudationibus
2203 1999 2282 2060 de

381 2092 704 2160 honestate
749 2099 1122 2173 disserimuS,
1153 2099 1243 2159 ita
1278 2108 1489 2158 tamen
1520 2107 1590 2158 ut
1619 2099 1981 2177 plerumque
2023 2097 2175 2156 haec
2216 2096 2281 2156 in

378 2196 578 2257 vicem
605 2197 1018 2258 misceantur:
1047 2198 1126 2256 de
1158 2196 1378 2276 quibus
1408 2195 1653 2274 copiose
1684 2204 1747 2254 et
1775 2195 1943 2255 varie
1973 2203 2036 2253 et
2066 2205 2281 2254 ornate

377 2313 562 2354 nemo
592 2295 799 2355 dicere
838 2305 1066 2373 potest,
1096 2294 1213 2353 nisi
1258 2292 1364 2374 qui
1407 2292 1704 2371 cognovit
1745 2302 2033 2351 naturam
2075 2291 2287 2349 huma-
2326 2305 2387 2350 20

376 2409 521 2449 nam
551 2401 615 2451 et
645 2391 772 2451 vim
801 2391 1106 2452 virtutum
1134 2391 1628 2470 pravitatemque
1656 2388 1971 2461 vitiorum,
2001 2373 2065 2447 e't
2101 2389 2281 2447 habet

376 2488 767 2550 intellectum
799 2510 1011 2551 eorum
1043 2510 1200 2569 quae
1231 2508 1344 2548 nec
1379 2487 1443 2546 in
1475 2486 1805 2546 virtutibus
1846 2504 1962 2543 nec
2003 2484 2067 2541 in
2112 2483 2282 2544 vitiis

376 2590 795 2647 numerantur.
887 2588 980 2646 Ex
1023 2588 1118 2646 his
1160 2585 1440 2646 fontibus
1472 2582 1660 2643 etiam
1701 2582 1808 2640 illa
1847 2580 2179 2659 profluunt,
2210 2591 2281 2640 ut

375 2681 617 2742 facilius
647 2683 800 2742 iram
828 2684 1057 2764 judicis
1081 2685 1180 2743 vel
1210 2683 1466 2761 instiget
1490 2682 1587 2739 vel
1616 2678 1827 2750 leniat,
1849 2676 1954 2756 qui
1983 2676 2100 2736 scit
2130 2676 2279 2755 quid

378 2782 462 2838 sit
503 2779 610 2852 ira,
654 2781 1003 2859 promptius
1047 2781 1124 2839 ad
1168 2778 1628 2841 miserationem
1669 2774 1967 2853 impellat,
2011 2772 2116 2851 qui
2166 2772 2281 2831 scit
2322 2787 2384 2834 25

377 2875 525 2955 quid
570 2877 650 2936 sit
691 2877 1113 2937 misericordia
1141 2888 1206 2937 et
1242 2876 1466 2956 quibus
1496 2873 1686 2934 animi
1715 2871 1985 2931 motibus
2016 2868 2280 2928 concite-

374 2982 498 3032 tur.
556 2973 631 3032 In
661 2974 755 3033 his
785 2974 1018 3034 artibus
1047 2974 1717 3053 exercitationibusque
1748 2978 2027 3033 versatus
2055 2976 2279 3040 orator,

374 3069 503 3129 sive
535 3070 699 3149 apud
727 3071 987 3131 infestos
1015 3071 1146 3131 sive
1171 3071 1335 3150 apud
1360 3070 1619 3150 cupidos
1649 3070 1780 3128 sive
1811 3065 1974 3144 apud
2004 3062 2280 3123 inviden-

374 3174 468 3225 tes
516 3167 645 3226 sive
704 3169 864 3247 apud
924 3168 1134 3228 tristes
1190 3167 1320 3227 sive
1380 3167 1544 3245 apud
1600 3166 1897 3226 timentes
1944 3160 2277 3221 dicendum

373 3263 677 3337 habuerit,
721 3265 961 3325 tenebit
1006 3284 1196 3324 venas
1242 3264 1609 3335 animorum,
1653 3273 1716 3322 et
1760 3258 2283 3341 prout‘cujusque
2324 3271 2382 3317 30

372 3369 598 3419 natura
630 3361 991 3439 postulabit,
1022 3360 1343 3421 adhibebit
1374 3380 1623 3419 manum
1655 3369 1718 3418 et
1747 3355 2121 3436 temperabit
2150 3372 2278 3413 ora-

372 3456 627 3529 tionem,
658 3469 876 3537 parato
913 3457 1080 3518 omni
1120 3458 1535 3517 instrumento
1579 3464 1643 3515 et
1686 3455 1765 3514 ad
1809 3473 2055 3513 omnem
2098 3470 2278 3511 usum

372 3553 661 3633 reposito.
747 3554 908 3615 Sunt
952 3555 1114 3635 apud
1158 3574 1313 3635 quos
1360 3552 1681 3613 astrictum
1733 3561 1795 3613 et
1845 3551 2172 3612 collectum
2215 3559 2279 3609 et
