2738 4048
808 274 1211 321 ANNALIUM
1253 276 1476 322 LIBER
1521 274 1854 325 rannus.
2252 263 2336 329 67

326 430 491 491 inter
521 451 606 505 se,
636 432 963 492 silentione
1005 452 1083 492 an
1112 453 1265 493 voce
1296 433 1504 513 aliqua
1534 435 1962 513 egredientem
1991 436 2232 515 excipe-

325 538 486 588 rent.
569 528 793 608 Neque
833 529 985 589 satis
1014 530 1341 589 constabat
1371 531 1523 610 quid
1564 550 1700 609 pro·
1723 541 2002 610 tempore
2046 532 2230 608 foret,

325 644 468 683 cum
509 626 719 684 classis
760 626 1061 704 paulatim
1105 627 1421 700 successit,
1464 647 1590 686 non
1635 629 1841 701 alacri,
1870 638 1942 688 ut
1985 632 2229 705 assolet,

324 722 606 800 remigio,
625 723 734 781 sed
754 724 993 782 cunctis
1014 724 1089 783 ad
1112 724 1438 783 tristitiam
1457 725 1834 803 compositis
1886 726 2230 806 Postquam

325 818 567 877 duobus
597 840 737 879 cum
766 820 1002 929 liberis}
1016 821 1270 891 feralem
1299 842 1519 880 urnam
1549 832 1791 895 tenens,
1816 842 2060 901 egressa
2083 826 2232 885 navi

324 915 545 975 defixit
587 918 816 990 oculos,
860 884 1349 977 i<13m⁹⁰6ffiffifim
1401 918 1706 997 gemitus3
1763 939 1964 998 neque
2006 921 2233 981 discer-

322 1032 503 1072 neres
525 1014 842 1091 proximos
873 1014 1123 1087 alienos,
1149 1014 1427 1074 virorum
1449 1015 1903 1076 feminarumve
1925 1017 2230 1095 planctae,

328 1109 449 1168 nisi
471 1111 638 1190 quod
668 1111 1035 1170 comitatum
1057 1111 1446 1190 Agrippinae
1475 1113 1664 1191 longo
1693 1132 1969 1173 maerore
1998 1114 2232 1175 fessum

323 1208 495 1268 obvii
524 1217 588 1267 et
616 1217 897 1267 recentes
927 1208 991 1266 in
1023 1209 1238 1268 dolore
1271 1209 1616 1269 anteibant.

405 1308 459 1365 2.
529 1304 791 1365 Miserat
833 1305 986 1364 duas
1029 1306 1372 1384 praetorias
1417 1307 1704 1366 cohortes
1736 1306 1976 1381 Caesar,
2008 1309 2228 1369 addito

323 1411 396 1463 ut
417 1403 816 1481 magistratus
842 1401 1159 1461 Calabriae
1184 1402 1504 1482 Apulique
1535 1415 1599 1464 et
1619 1403 1921 1483 Campani
1943 1423 2232 1484 suprema

324 1519 474 1578 erga
511 1498 872 1557 memoriam
911 1498 1025 1557 filii
1067 1498 1163 1558 sui
1204 1519 1467 1558 munera
1508 1500 1939 1579 fungerentur.
2022 1500 2230 1580 Igitur

323 1596 716 1656 tribunorum
744 1596 1301 1675 centurionumque
1332 1597 1607 1656 humeris
1638 1598 1874 1657 cineres
1902 1598 2230 1676 portaban-

322 1702 461 1767 tur;
500 1693 959 1772 praecedebant
988 1693 1306 1772 incompta
1336 1694 1532 1773 signa,
1562 1695 1728 1753 versi
1765 1694 1998 1768 fasces3
2041 1704 2225 1774 atque

323 1789 434 1849 ubi
475 1789 745 1849 colonias
795 1790 1400 1869 transgrederentur,
1446 1802 1648 1851 atrata
1688 1792 1918 1870 plebeS,
1961 1792 2228 1852 trabeati

325 1888 582 1967 equites,
604 1910 717 1968 pro
747 1891 967 1969 opibus
997 1891 1138 1964 loci,
1161 1900 1403 1950 vestem
1426 1891 1647 1950 odores
1671 1889 1909 1968 aliaque
1937 1890 2229 1950 funerum

296 1986 648 2047 'sollemnia
695 1988 1072 2049 cremabant.
1157 1988 1371 2049 Etiam
1401 2007 1661 2068 quorum
1692 1986 1939 2047 diversa
1976 1988 2228 2068 oppida,

321 2093 534 2144 tamen
556 2085 729 2145 obvii
755 2095 819 2147 et
839 2087 1129 2147 victimas
1153 2097 1337 2167 atque
1360 2106 1495 2145 aras
1525 2085 1620 2145 dis
1648 2085 1931 2145 manibus
1960 2095 2230 2146 statuen-

322 2191 438 2256 tes,
465 2183 736 2243 lacrimis
774 2193 837 2244 et
868 2184 1466 2244 conclamationibus
1500 2183 1778 2242 dolorem
1820 2183 2230 2243 testabantur.

324 2278 565 2340 Drusus
598 2281 997 2341 Tarracinam
1029 2302 1391 2362 progressus
1426 2289 1521 2341 est
1562 2300 1704 2340 cum
1736 2280 1996 2340 Claudio
2037 2280 2227 2339 fratre

323 2376 655 2458 liberisque
702 2379 1077 2453 Germanici,
1120 2380 1226 2459 qui
1273 2380 1339 2438 in
1383 2379 1535 2438 urbe
1577 2377 1845 2437 fuerant.
1929 2377 2229 2437 Consules

325 2472 417 2532 M.
460 2473 753 2535 Valerius
798 2486 862 2536 et
903 2476 995 2535 M.
1037 2476 1333 2536 Aurelius
1383 2477 1538 2556 (jam
1587 2472 1756 2533 enim
1794 2474 2229 2552 magistratum

325 2574 722 2650 occeperant)
758 2582 821 2632 et
850 2582 1100 2633 senatus
1130 2593 1201 2634 ac
1228 2592 1456 2653 magna
1483 2591 1625 2651 pars
1652 2570 1866 2649 populi
1895 2570 2063 2628 viam
2091 2589 2231 2628 con-

325 2666 595 2746 plevere,
642 2669 893 2749 disjecti
936 2679 1001 2731 et
1042 2679 1114 2729 ut
1156 2670 1378 2748 cuique
1419 2669 1666 2729 libitum
1710 2667 1973 2739 flentes3
2016 2665 2231 2726 aberat

327 2765 556 2844 quippe
602 2766 899 2840 adulatio,
940 2767 1149 2845 gnaris
1190 2767 1479 2826 omnibus
1519 2766 1748 2825 laetam
1790 2762 2041 2822 Tiberio
2084 2762 2231 2822 Ger-

325 2862 551 2921 manici
580 2873 848 2923 mortem
876 2865 1036 2923 male
1068 2864 1460 2923 dissimulari.

408 2959 466 3017 3.
534 2957 823 3019 Tiberius
866 2969 1050 3039 atque
1092 2962 1384 3039 Augusta
1425 2960 1673 3038 publico
1731 2957 2101 3029 abstinuere,
2142 2955 2230 3015 in-

327 3053 518 3114 ferius
547 3056 871 3135 majestate
904 3076 1014 3116 sua
1041 3058 1178 3130 rati,
1202 3057 1252 3116 si
1282 3058 1488 3135 palam
1517 3058 2026 3127 lamentarentur,
2049 3072 2126 3112 an
2149 3073 2228 3112 ne

328 3151 606 3211 omnium
634 3153 829 3212 oculis
857 3155 1100 3213 vultum
1134 3173 1349 3213 eorum
1393 3153 1814 3212 scrutantibus
1855 3151 1994 3210 falsi
2034 3149 2258 3209 intelli-

326 3257 642 3326 gerentur.
700 3248 972 3309 Matrem
992 3250 1334 3310 Antoniam
1358 3270 1483 3309 non
1509 3249 1673 3328 apud
1699 3257 1982 3307 auctores
2003 3267 2228 3320 rerum,

329 3363 455 3403 non
478 3344 703 3404 diurna
724 3355 1004 3406 actorum
1032 3347 1339 3426 scriptura
1359 3346 1604 3424 reperio
1628 3346 1754 3404 ullo
1777 3344 2007 3423 insigni
2030 3344 2229 3405 officio

329 3439 631 3514 functam,
662 3463 803 3501 cum
846 3463 1029 3522 super
1070 3443 1488 3522 Agrippinam
1532 3451 1596 3501 et
1625 3441 1903 3500 Drusum
1943 3449 2010 3501 et
2051 3442 2230 3502 Clau-

240 3589 249 3598 .
332 3536 504 3596 dium
537 3538 730 3598 ceteri
758 3559 1003 3619 quoque
1035 3538 1481 3618 consanguinei
1510 3539 1877 3598 nominatim
1898 3537 2230 3618 perscripti

2274 549 2334 594 15

2272 1034 2336 1079 20

2274 2198 2335 2243 10

2272 2681 2333 2725 15
