2738 4048
731 274 1253 323 HISTORIARUM
1297 274 1519 322 LIBER
1566 274 1969 324 SECUNDUS.

349 434 564 494 munia
590 433 909 513 implebat,
939 442 1010 494 ut
1038 433 1088 493 si
1118 435 1362 493 adesset
1404 433 1739 513 imperator
1769 442 1832 493 et
1861 434 2125 493 strenuis
2153 434 2255 493 vel

349 530 591 614 ignavis
619 520 795 609 spem
826 540 1182 608 metumque
1214 530 1489 589 adderet.
1574 529 1871 589 Instructi
1907 530 2251 610 intentique

351 629 596 708 signum
613 626 1016 707 profectionis
1036 636 1397 705 exposcunt,
1419 628 1667 687 nomine
1685 627 2038 687 Germanici
2057 627 2253 686 Vitel-

241 785 251 792 ,
350 727 436 787 1ἰο
464 726 675 785 statim
705 724 960 783 addito:
1006 724 1332 783 Caesarem
1375 743 1440 784 se
1483 725 1779 804 appellari
1823 724 2014 782 etiam
2040 719 2254 783 'victor

351 822 683 901 prohibuit.
766 820 1033 880 Laetum
1062 820 1389 899 augurium
1419 821 1615 881 Fabio
1645 820 1905 880 Valenti
1934 820 2254 879 exercitui-

353 939 490 998 que,
513 938 696 999 quem
723 918 789 977 in
817 918 1050 977 bellum
1074 918 1315 996 agebat,
1337 918 1473 996 ipso
1503 917 1903 997 profectionis
1926 917 2026 977 die
2051 916 2256 996 aquila

352 1016 478 1075 leni
508 1025 732 1089 meatu,
755 1023 939 1093 prout
969 1034 1193 1094 agmen
1222 1015 1554 1088 incederet,
1579 1015 1753 1074 velut
1776 1015 1905 1073 dux
1925 1013 2062 1073 viae
2083 1034 2255 1092 prae-

350 1113 604 1186 volavit,
623 1113 1000 1191 longumque
1030 1132 1141 1190 per
1168 1111 1441 1190 spatium
1467 1111 1521 1171 is
1548 1110 1957 1190 gaudentium
1983 1111 2255 1170 militum

353 1210 601 1282 clamor,
631 1228 704 1269 ea
731 1208 904 1288 quies
932 1209 1252 1269 interritae
1296 1208 1462 1268 alitis
1503 1208 1644 1282 fuit,
1675 1217 1745 1267 ut
1785 1208 1955 1269 haud
1996 1207 2254 1268 dubium

351 1324 613 1385 magnae
642 1314 705 1365 et
732 1324 1059 1386 prosperae
1088 1305 1178 1365 rei
1207 1325 1390 1368 omen
1421 1305 1821 1386 acciperetur.

557 1945 1230 2014 HISTORIARUM
1290 1947 1576 2014 LIBER
1639 1946 2154 2014 SECUNDUS.

437 2182 490 2241 1.
561 2181 857 2243 Struebat
890 2183 1023 2262 jam
1052 2183 1309 2244 fortuna
1335 2184 1399 2243 in
1431 2184 1680 2245 diversa
1720 2194 1899 2264 parte
1940 2195 2255 2247 terrarum

351 2278 532 2339 initia
559 2298 892 2359 causasque
928 2281 1210 2360 imperio,
1242 2282 1411 2362 quod
1440 2282 1615 2341 varia
1656 2292 1823 2342 sorte
1865 2284 2098 2344 lactum
2141 2284 2255 2343 rei-

350 2377 635 2455 publicae
691 2386 800 2437 aut
844 2386 1043 2451 atrox,
1088 2378 1239 2456 ipsis
1295 2379 1681 2459 principibus
1736 2400 2102 2460 prosperum
2151 2381 2253 2441 vel

351 2473 546 2532 exitio
601 2474 743 2533 fuit.
847 2474 1029 2534 Titus
1078 2475 1503 2554 Vespasianus
1561 2495 1595 2536 e
1651 2477 1695 2538 J
1699 2478 1898 2537 udaea
1954 2479 2250 2538 incolumi

351 2569 555 2629 adhuc
583 2570 781 2631 Galba
819 2571 1040 2646 missus
1081 2590 1118 2630 a
1157 2581 1354 2651 patre,
1385 2591 1634 2632 causam
1674 2573 2082 2652 profectionis
2125 2575 2249 2638 offi-

350 2666 518 2726 cium
557 2686 705 2746 erga
744 2667 1090 2747 principem
1131 2678 1196 2729 et
1236 2678 1548 2730 maturam
1588 2670 1875 2749 pete'ndis
1914 2670 2252 2730 honoribus

343 2763 670 2842 juventam
709 2764 970 2838 ferebat,
999 2766 1111 2825 sed
1141 2767 1365 2846 vulgus
1407 2767 1687 2847 fingendi
1729 2767 1982 2827 avidum
2022 2767 2253 2844 disper-

351 2869 516 2920 serat
572 2861 838 2921 accitum
894 2863 959 2922 in
1018 2863 1441 2942 adoptionem.
1542 2865 1811 2925 Materia
1866 2864 2250 2924 sermonibus

351 2958 591 3018 senium
619 2967 685 3018 et
713 2960 947 3019 orbitas
984 2961 1282 3041 principis
1326 2973 1391 3022 et
1433 2962 1917 3043 intemperantia
1958 2961 2249 3035 civitatis,

352 3055 550 3115 donec
616 3074 778 3115 unus
845 3057 1131 3136 eligatur,
1189 3059 1420 3118 multos
1490 3059 1864 3119 destinandi.
1957 3058 2252 3137 Augebat

351 3151 583 3210 famam
624 3152 813 3231 ipsius
857 3153 987 3214 Titi
1033 3155 1351 3235 ingenium
1397 3165 1906 3235 quantaecunque
1962 3156 2250 3215 fortu‘nae

352 3267 567 3327 capax,
609 3249 798 3310 decor
847 3251 969 3312 oris
1024 3272 1165 3312 cum
1209 3253 1477 3333 quadam
1532 3253 1876 3330 majestate,
1919 3271 2251 3331 prosperae

351 3344 721 3423 Vespasiani
750 3367 867 3420 res,
898 3368 1197 3428 praesaga
1237 3369 1550 3428 responsa,
1583 3359 1648 3408 et
1675 3348 1990 3408 inclinatis
2019 3350 2099 3408 ad
2129 3369 2254 3408 cre-

351 3441 628 3502 dendum
685 3444 926 3518 animis,
982 3446 1119 3505 loco
1176 3446 1455 3505 ominum
1512 3446 1703 3505 etiam
1757 3445 2035 3505 fortuita.
2120 3445 2252 3507 Ubi

352 3539 637 3600 Corinthi
673 3541 983 3620 [Achaiae
1014 3543 1200 3622 urbe]
1233 3551 1439 3602 certos
1468 3542 1719 3603 nuntios
1763 3543 2004 3623 accepit
2045 3543 2124 3602 de
2165 3542 2254 3602 in-

2276 259 2359 324 89

2298 449 2358 494 10

2296 914 2358 978 13

2298 3073 2358 3119 10

2295 3556 2358 3602 15
