2738 4048
722 281 1243 330 HISTORIARUM
1287 280 1509 328 LIBER
1556 279 1959 328 SECUNDUS.

341 441 555 502 munia
581 441 900 520 implebat,
929 449 1000 499 ut
1029 439 1078 499 si
1109 440 1352 499 adesset
1394 439 1730 518 imperator
1758 445 1823 497 et
1852 437 2116 496 strenuis
2142 436 2247 496 vel

340 538 582 621 ignavis
610 527 786 617 spem
816 546 1172 615 metumque
1205 536 1479 595 adderet.
1564 533 1862 594 Instructi
1898 533 2242 613 intentique

343 638 588 717 signum
605 633 1007 714 profectionis
1026 641 1388 712 exposcunt,
1410 633 1658 692 nomine
1676 630 2029 691 Germanici
2048 630 2244 689 Vitel-

239 793 248 801 ,
342 734 428 795 1ἰο
456 733 666 793 statim
697 731 951 791 addito:
997 730 1324 790 Caesarem
1365 749 1431 789 se
1474 728 1772 808 appellari
1814 727 2005 786 etiam
2032 724 2245 786 'victor

344 830 675 909 prohibuit.
758 827 1023 887 Laetum
1053 825 1380 905 augurium
1410 825 1607 886 Fabio
1637 824 1896 884 Valenti
1925 823 2245 882 exercitui-

346 946 482 1007 que,
506 945 688 1006 quem
716 926 780 984 in
809 925 1041 984 bellum
1065 923 1307 1002 agebat,
1329 923 1465 1001 ipso
1494 921 1895 1002 profectionis
1918 920 2018 980 die
2042 920 2248 999 aquila

345 1024 471 1083 leni
501 1032 724 1096 meatu,
747 1031 932 1100 prout
961 1041 1184 1100 agmen
1213 1020 1546 1093 incederet,
1571 1019 1744 1080 velut
1768 1019 1897 1077 dux
1917 1017 2053 1077 viae
2075 1037 2248 1095 prae-

343 1120 597 1193 volavit,
615 1120 991 1198 longumque
1022 1138 1133 1196 per
1160 1117 1433 1196 spatium
1462 1116 1512 1175 is
1540 1114 1950 1195 gaudentium
1976 1113 2247 1173 militum

346 1218 594 1289 clamor,
624 1235 697 1275 ea
725 1215 896 1295 quies
926 1214 1245 1275 interritae
1289 1213 1454 1273 alitis
1495 1213 1636 1286 fuit,
1666 1222 1737 1272 ut
1778 1212 1948 1273 haud
1988 1210 2247 1271 dubium

345 1331 606 1392 magnae
635 1321 699 1372 et
725 1331 1052 1392 prosperae
1081 1311 1170 1371 rei
1200 1330 1383 1373 omen
1414 1309 1814 1390 acciperetur.

552 1951 1224 2019 HISTORIARUM
1285 1952 1571 2018 LIBER
1634 1949 2149 2017 SECUNDUS.

432 2190 486 2248 1.
557 2188 852 2250 Struebat
886 2189 1019 2267 jam
1047 2189 1305 2249 fortuna
1330 2188 1394 2248 in
1426 2188 1675 2249 diversa
1716 2198 1895 2268 parte
1938 2197 2250 2249 terrarum

347 2285 527 2346 initia
555 2305 887 2366 causasque
924 2286 1206 2365 imperiO,
1237 2286 1406 2367 quod
1435 2286 1611 2347 varia
1652 2296 1819 2346 sorte
1861 2287 2093 2347 laetum
2137 2286 2251 2346 rei-

346 2384 631 2462 publicae
687 2393 795 2444 aut
839 2393 1039 2456 atrox,
1084 2383 1235 2462 ipsis
1291 2383 1677 2463 principibus
1731 2404 2099 2464 prosperum
2147 2385 2249 2445 vel

347 2480 543 2541 exitio
597 2481 739 2539 fuit.
843 2480 1025 2540 Titus
1076 2480 1499 2559 Vespasianus
1557 2501 1591 2541 e
1648 2481 1895 2542 Judaea
1952 2482 2248 2542 incolumi

347 2577 551 2637 adhuc
579 2577 777 2638 Galba
816 2577 1036 2652 missus
1078 2596 1115 2636 a
1153 2586 1351 2656 patre,
1382 2596 1631 2638 causam
1671 2578 2079 2657 profectionis
2121 2578 2245 2642 offi-

2266 262 2349 327 89

2289 451 2348 496 10

2289 934 2350 980 15

346 2674 514 2734 cium
553 2693 702 2753 erga
740 2673 1087 2753 principem
1128 2684 1193 2735 et
1234 2684 1544 2735 maturam
1585 2675 1872 2754 pete'ndis
1911 2674 2249 2734 honoribus
2318 2735 2321 2736 γ

340 2772 665 2850 juventam
706 2771 968 2844 ferebat,
996 2771 1108 2831 sed
1138 2772 1363 2851 vulgus
1404 2772 1684 2852 fingendi
1726 2771 1978 2831 avidum
2019 2770 2249 2848 disper-

348 2876 512 2928 serat
569 2868 835 2928 accitum
890 2868 957 2928 in
1015 2869 1439 2948 adoptionem.
1539 2869 1809 2929 Materia
1864 2867 2248 2928 sermonibus

348 2965 588 3024 senium
616 2974 682 3025 et
710 2966 944 3026 orbitas
982 2967 1280 3047 principis
1323 2978 1389 3027 et
1431 2966 1914 3046 intemperantia
1955 2964 2247 3037 civitatiS,

349 3062 548 3121 donec
614 3081 776 3122 unus
842 3063 1130 3142 eligatur,
1186 3064 1417 3123 multos
1487 3063 1863 3123 destinandi.
1955 3061 2250 3140 Augebat

349 3158 581 3217 famam
622 3159 812 3237 ipsius
855 3159 986 3220 Titi
1031 3160 1350 3240 ingenium
1395 3169 1905 3240 quantaecunque
1961 3158 2248 3218 fortu'nae

350 3274 566 3334 capax,
608 3256 797 3317 decor
845 3257 967 3317 oris
1022 3278 1164 3318 cum
1207 3257 1476 3338 quadam
1530 3256 1876 3334 majestate,
1918 3274 2250 3334 prosperae

350 3351 720 3429 Vespasiani
748 3374 866 3427 reS,
896 3374 1196 3434 praesaga
1236 3373 1549 3433 responsa,
1582 3362 1648 3412 et
1676 3352 1989 3411 inclinatis
2019 3353 2098 3411 ad
2128 3371 2253 3411 cre-

350 3448 628 3508 dendum
684 3450 926 3525 animis,
981 3452 1118 3511 loco
1175 3451 1454 3511 ominum
1511 3450 1702 3509 etiam
1756 3449 2034 3508 fortuita.
2119 3447 2250 3509 Ubi

352 3545 638 3606 Corinthi
672 3547 983 3626 [Achaiae
1015 3549 1199 3628 urbe]
1232 3556 1438 3607 certos
1467 3545 1718 3607 nuntios
1763 3546 2003 3626 accepit
2044 3546 2122 3605 de
2164 3543 2253 3604 in-

2295 3076 2356 3121 10

2294 3559 2357 3604 15
