2738 4048
784 271 1306 321 fflSTORIARUM
1348 273 1571 320 menn
1615 274 1946 321 ramme.
2255 263 2383 322 113

372 427 687 491 Minucius
703 426 746 488 J
750 438 922 488 ustus
944 430 1294 509 praefectus
1316 440 1658 490 castrorum
1680 430 1941 511 legionis
1962 431 2276 510 septimae,

376 528 521 608 quia
542 525 872 586 adductius
895 545 1081 605 quam
1103 527 1270 587 civili
1297 528 1462 587 bello
1490 527 1905 607 imperitabat,
1928 529 2278 589 subtractus

375 625 644 685 militum
680 623 808 681 irae
851 623 932 682 ad
960 623 1414 703 Vespasianum
1455 625 1675 685 missus
1717 636 1827 685 est.
1909 626 2279 686 Desiderata

376 723 484 782 diu
524 741 621 781 res
661 720 1176 799 interpretatione
1216 722 1536 801 gloriaque
1579 726 1650 781 in
1690 724 1892 802 majus
1951 723 2272 802 accipitur,

376 828 704 899 postquam
726 817 961 877 Galbae
989 816 1291 896 imagines
1315 818 1624 878 discordia
1651 829 2002 897 temporum
2029 820 2276 880 subver-

2352 447 2382 492 5

376 937 473 976 sas
499 916 565 974 in
595 914 878 974 omnibus
907 914 1256 992 municipiis
1297 915 1488 974 recoli
1527 916 1713 995 jussit
1739 916 2072 990 AntoniuS,
2103 918 2280 978 deco·
2320 933 2381 978 10

376 1033 510 1072 rum
548 1031 660 1091 pro
698 1029 881 1070 causa
920 1021 1107 1085 ratuS‚
1135 1010 1187 1070 si
1227 1011 1472 1090 placere
1515 1011 1748 1073 Galbae
1788 1013 2169 1093 principatus
2210 1024 2276 1076 et

375 1120 582 1189 partes
608 1107 978 1167 revirescere
1007 1107 1425 1169 crederentur.

458 1209 514 1266 8.
570 1205 935 1278 Quaesitum
961 1204 1109 1265 inde
1139 1225 1296 1285 quae
1337 1206 1516 1267 sedes
1544 1207 1707 1267 bello
1748 1209 2074 1286 legeretur.
2152 1209 2275 1269 Ve-

374 1325 529 1365 rona
555 1303 761 1382 potior
791 1310 940 1377 visa,
967 1304 1327 1382 patentibus
1367 1303 1601 1363 circum
1631 1305 1863 1383 campis
1892 1305 1972 1363 ad
2000 1324 2274 1384 pugnam

374 1415 741 1482 equestrem,
792 1420 914 1480 qua
959 1401 1439 1482 praevalebant:
1497 1400 1678 1461 simul
1723 1400 2029 1462 coloniam
2077 1402 2269 1481 copiis

373 1500 643 1561 validam
671 1501 914 1561 auferre
942 1499 1204 1560 Vitellio
1244 1498 1310 1558 in
1350 1517 1485 1558 rem
1525 1498 1879 1578 famamque
1920 1498 2269 1559 videbatur.

373 1596 665 1658 Possessa
704 1599 837 1678 ipso
877 1596 1144 1658 transitu
1181 1595 1435 1656 'Vicetia
1454 1616 1471 1670 3
1527 1595 1691 1675 quod
1741 1615 1852 1675 per
1900 1614 1964 1655 se
2013 1615 2276 1674 parvum

378 1695 638 1773 (etenim
654 1696 932 1756 modicae
952 1693 1286 1773 municipio
1302 1694 1491 1769 vires)
1513 1692 1725 1771 magni
1747 1693 2047 1752 momenti
2065 1692 2272 1751 locum

372 1791 644 1852 obtinuit
664 1793 1099 1872 reputantibus
1121 1792 1245 1851 illic
1269 1789 1599 1850 Caecinam
1619 1789 1903 1869 genitum
1925 1799 1989 1849 et
2009 1787 2273 1867 patriam

2348 1609 2380 1655 5

369 1888 643 1948 hostium
672 1889 817 1948 duci
846 1898 1143 1968 ereptam.
1215 1886 1290 1946 In
1320 1885 1785 1947 Veronensibus
1814 1884 2085 1963 pretium
2113 1884 2272 1945 fuit:
2332 1933 2337 1939 .

371 1985 653 2065 exemplo
683 1985 1022 2066 opibusque
1052 1994 1259 2065 partes
1290 1984 1548 2064 juvere3
1592 1993 1656 2045 et
1697 1984 2064 2064 interjectus
2107 2003 2274 2043 exer-

370 2083 529 2142 citus
557 2082 843 2142 Raetiam
867 2083 909 2144 J
915 2084 1188 2162 uliasque
1215 2085 1430 2162 AlpeS,
1459 2102 1532 2142 ac
1560 2103 1639 2142 ne
1668 2081 1952 2162 pervium
1992 2081 2100 2140 illa
2128 2080 2275 2141 Ger-

368 2180 623 2240 manicis
678 2180 1046 2240 excrcitibus
1099 2182 1275 2256 foret,
1329 2182 1705 2260 obsepserat.
1806 2179 1982 2252 Quae
2050 2179 2269 2259 ignara

371 2276 754 2356 Vespasiano
797 2286 904 2336 aut
946 2278 1181 2337 vetita:
1224 2278 1453 2358 quippe
1494 2278 1820 2357 Aquileiae
1862 2277 1997 2337 sist1
2037 2277 2272 2337 bellum

369 2373 835 2453 exspectarique
855 2373 1216 2434 Mucianum
1236 2375 1511 2455 jubebat,
1531 2375 1989 2455 adjiciebatque
2010 2375 2271 2456 imperio

308 2493 314 2498 ·
370 2471 706 2544 consilium,
735 2472 982 2549 quando
1010 2472 1360 2551 Aegyptus,
1392 2471 1658 2531 claustra
1687 2491 1987 2547 annonae,
2005 2473 2272 2550 vectiga-

369 2566 453 2626 lia
479 2567 1084 2646 opulentissimarum
1113 2568 1570 2646 provinciarum
1613 2569 2060 2643 obtinerentur,
2090 2589 2269 2649 posse

370 2663 613 2724 Vitellii
655 2664 1002 2724 exercitum
1045 2667 1322 2744 egestate
1369 2666 1667 2745 stipendii
1723 2665 2146 2744 frumentique
2189 2664 2270 2724 ad

370 2761 753 2820 deditionem
781 2761 1000 2840 subigi.
1083 2761 1322 2821 Eadem
1350 2762 1677 2823 Mucianus
1719 2762 1948 2824 crebris
1991 2762 2269 2842 epistolis

368 2858 678 2931 monebat,
719 2858 1105 2917 incruentam
1151 2868 1215 2918 et
1264 2859 1398 2920 sine
1448 2861 1620 2920 luctu
1660 2860 1986 2921 victoriam
2035 2868 2099 2919 et
2148 2858 2270 2918 alia

367 2956 626 3034 hujusce
664 2954 846 3014 modi
891 2957 1330 3035 praetexendo,
1380 2958 1490 3018 sed
1533 2958 1767 3037 gloriae
1813 2956 2034 3016 avidus
2083 2966 2269 3035 atque

370 3071 549 3111 omne
578 3051 723 3111 belli
752 3051 940 3112 decus
969 3053 1083 3112 sibi
1112 3054 1402 3114 retinens.
1466 3054 1763 3115 Ceterum
1791 3073 1867 3112 ex
1897 3052 2268 3112 distantibus

362 3160 673 3209 'terrarum
699 3149 915 3229 spatiis
944 3151 1200 3210 consilia
1229 3160 1368 3230 post
1398 3171 1497 3211 res
1526 3150 1960 3210 afferebantur.

449 3246 504 3304 9.
559 3245 764 3326 Igitur
789 3247 1117 3327 repentino
1160 3248 1410 3307 incuisu
1438 3247 1754 3307 Antonius
1797 3246 2094 3306 stationes
2135 3247 2270 3306 hos-

368 3341 527 3400 tium
554 3342 793 3423 irrupit,
822 3344 1201 3423 tentatisque
1244 3344 1368 3404 levi
1410 3344 1643 3422 proelio
1687 3342 1907 3402 animis
1949 3363 2027 3402 ex
2070 3363 2265 3422 aequo

368 3438 722 3500 discessum.
777 3441 937 3501 Mox
968 3441 1235 3502 Caecina
1263 3440 1428 3500 inter
1456 3440 1809 3513 Hostiliam,
1838 3440 2044 3500 vicum
2073 3440 2269 3501 Vero-

367 3537 670 3612 nensium,
700 3548 765 3598 et
805 3539 1065 3618 paludes
1094 3536 1344 3597 Tartari
1378 3536 1649 3598 fluminis
1682 3546 1883 3596 castra
1910 3537 2264 3617 permuniit,

2317 2095 2378 2140 10

2313 2582 2375 2628 15

2309 3066 2370 3111 20
