<?xml version="1.0" encoding="UTF-8"?>
<!DOCTYPE html PUBLIC "-//W3C//DTD XHTML 1.0 Transitional//EN"
    "http://www.w3.org/TR/xhtml1/DTD/xhtml1-transitional.dtd">
<html xmlns="http://www.w3.org/1999/xhtml" xml:lang="en" lang="en">
 <head>
  <title>
</title>
<meta http-equiv="Content-Type" content="text/html;charset=utf-8" />
  <meta name='ocr-system' content='tesseract 3.04.00' />
  <meta name='ocr-capabilities' content='ocr_page ocr_carea ocr_par ocr_line ocrx_word'/>
</head>
<body>
  <div class='ocr_page' id='page_1' title='image "./excerptatacitia00chamgoog_0052.png"; bbox 0 0 2738 4048; ppageno 0'>
   <div class='ocr_carea' id='block_1_1' title="bbox 307 228 1814 291">
    <p class='ocr_par' dir='ltr' id='par_1_1' title="bbox 307 228 1814 291">
     <span class='ocr_line' id='line_1_1' title="bbox 307 228 1814 291; baseline -0.003 0"><span class='ocrx_word' id='word_1_1' title='bbox 307 228 389 291; x_wconf 83' lang='lat'>36</span> <span class='ocrx_word' id='word_1_2' title='bbox 922 240 1313 290; x_wconf 78' lang='lat' dir='ltr'>EXGERPTA</span> <span class='ocrx_word' id='word_1_3' title='bbox 1355 232 1814 288; x_wconf 76' lang='lat' dir='ltr'>TACITIANA.&#39;</span> 
     </span>
    </p>
   </div>
   <div class='ocr_carea' id='block_1_2' title="bbox 306 397 2370 3589">
    <p class='ocr_par' dir='ltr' id='par_1_2' title="bbox 411 397 2315 478">
     <span class='ocr_line' id='line_1_2' title="bbox 411 397 2315 478; baseline -0.001 -17"><span class='ocrx_word' id='word_1_4' title='bbox 411 403 529 461; x_wconf 90' lang='lat' dir='ltr'>bus</span> <span class='ocrx_word' id='word_1_5' title='bbox 556 400 676 460; x_wconf 89' lang='lat' dir='ltr'>nisi</span> <span class='ocrx_word' id='word_1_6' title='bbox 706 400 933 460; x_wconf 84' lang='lat' dir='ltr'>Caesar</span> <span class='ocrx_word' id='word_1_7' title='bbox 960 400 1088 459; x_wconf 90' lang='lat' dir='ltr'>dux</span> <span class='ocrx_word' id='word_1_8' title='bbox 1129 399 1427 478; x_wconf 77' lang='lat' dir='ltr'>reliquuS,</span> <span class='ocrx_word' id='word_1_9' title='bbox 1456 398 1663 478; x_wconf 88' lang='lat' dir='ltr'>posito</span> <span class='ocrx_word' id='word_1_10' title='bbox 1706 397 2022 458; x_wconf 87' lang='lat' dir='ltr'>triumviri</span> <span class='ocrx_word' id='word_1_11' title='bbox 2062 398 2315 459; x_wconf 89' lang='lat' dir='ltr'>nomine</span> 
     </span>
    </p>

    <p class='ocr_par' dir='ltr' id='par_1_3' title="bbox 306 496 2316 964">
     <span class='ocr_line' id='line_1_3' title="bbox 306 496 2315 576; baseline -0.002 -15"><span class='ocrx_word' id='word_1_12' title='bbox 306 517 337 561; x_wconf 89' lang='lat'>5</span> <span class='ocrx_word' id='word_1_13' title='bbox 411 498 729 560; x_wconf 85' lang='lat' dir='ltr'>consulem</span> <span class='ocrx_word' id='word_1_14' title='bbox 763 518 828 558; x_wconf 89' lang='lat' dir='ltr'>se</span> <span class='ocrx_word' id='word_1_15' title='bbox 870 498 1076 557; x_wconf 79' lang='lat' dir='ltr'>ferens</span> <span class='ocrx_word' id='word_1_16' title='bbox 1120 506 1183 556; x_wconf 90' lang='lat' dir='ltr'>et</span> <span class='ocrx_word' id='word_1_17' title='bbox 1225 497 1306 556; x_wconf 90' lang='lat' dir='ltr'>ad</span> <span class='ocrx_word' id='word_1_18' title='bbox 1349 497 1646 555; x_wconf 90' lang='lat' dir='ltr'>tuendam</span> <span class='ocrx_word' id='word_1_19' title='bbox 1690 496 1936 576; x_wconf 84' lang='lat' dir='ltr'>plebem</span> <span class='ocrx_word' id='word_1_20' title='bbox 1976 497 2315 558; x_wconf 88' lang='lat' dir='ltr'>tribunicio</span> 
     </span>
     <span class='ocr_line' id='line_1_4' title="bbox 405 592 2316 677; baseline -0.001 -22"><span class='ocrx_word' id='word_1_21' title='bbox 405 598 545 677; x_wconf 89' lang='lat' dir='ltr'>jure</span> <span class='ocrx_word' id='word_1_22' title='bbox 587 605 973 667; x_wconf 88' lang='lat' dir='ltr'>contentum,</span> <span class='ocrx_word' id='word_1_23' title='bbox 1011 594 1119 653; x_wconf 92' lang='lat' dir='ltr'>ubi</span> <span class='ocrx_word' id='word_1_24' title='bbox 1160 594 1422 653; x_wconf 90' lang='lat' dir='ltr'>militem</span> <span class='ocrx_word' id='word_1_25' title='bbox 1464 594 1663 666; x_wconf 91' lang='lat' dir='ltr'>donis,</span> <span class='ocrx_word' id='word_1_26' title='bbox 1705 592 2007 672; x_wconf 85' lang='lat' dir='ltr'>populum</span> <span class='ocrx_word' id='word_1_27' title='bbox 2048 613 2316 668; x_wconf 90' lang='lat' dir='ltr'>annona,</span> 
     </span>
     <span class='ocr_line' id='line_1_5' title="bbox 413 691 2315 770; baseline -0.002 -16"><span class='ocrx_word' id='word_1_28' title='bbox 413 702 670 754; x_wconf 90' lang='lat' dir='ltr'>cunctos</span> <span class='ocrx_word' id='word_1_29' title='bbox 725 691 1054 751; x_wconf 81' lang='lat' dir='ltr'>dulcedine</span> <span class='ocrx_word' id='word_1_30' title='bbox 1111 691 1228 750; x_wconf 91' lang='lat' dir='ltr'>otii</span> <span class='ocrx_word' id='word_1_31' title='bbox 1281 691 1560 770; x_wconf 78' lang='lat' dir='ltr'>pellexit,</span> <span class='ocrx_word' id='word_1_32' title='bbox 1615 691 1935 770; x_wconf 85' lang='lat' dir='ltr'>insurgere</span> <span class='ocrx_word' id='word_1_33' title='bbox 1990 691 2315 769; x_wconf 89' lang='lat' dir='ltr'>paulatim,</span> 
     </span>
     <span class='ocr_line' id='line_1_6' title="bbox 414 788 2315 867; baseline -0.002 -18"><span class='ocrx_word' id='word_1_34' title='bbox 414 791 628 850; x_wconf 91' lang='lat' dir='ltr'>munia</span> <span class='ocrx_word' id='word_1_35' title='bbox 649 800 899 849; x_wconf 89' lang='lat' dir='ltr'>senatus</span> <span class='ocrx_word' id='word_1_36' title='bbox 921 789 1399 867; x_wconf 78' lang='lat' dir='ltr'>magistratuum</span> <span class='ocrx_word' id='word_1_37' title='bbox 1425 789 1638 866; x_wconf 81' lang='lat' dir='ltr'>legum</span> <span class='ocrx_word' id='word_1_38' title='bbox 1664 788 1728 846; x_wconf 90' lang='lat' dir='ltr'>in</span> <span class='ocrx_word' id='word_1_39' title='bbox 1759 808 1823 847; x_wconf 93' lang='lat' dir='ltr'>se</span> <span class='ocrx_word' id='word_1_40' title='bbox 1854 789 2119 862; x_wconf 91' lang='lat' dir='ltr'>trahere,</span> <span class='ocrx_word' id='word_1_41' title='bbox 2143 788 2315 847; x_wconf 88' lang='lat' dir='ltr'>nullo</span> 
     </span>
     <span class='ocr_line' id='line_1_7' title="bbox 415 874 2316 964; baseline -0.002 -16"><span class='ocrx_word' id='word_1_42' title='bbox 415 890 806 959; x_wconf 85' lang='lat' dir='ltr'>adversante,</span> <span class='ocrx_word' id='word_1_43' title='bbox 831 906 966 946; x_wconf 90' lang='lat' dir='ltr'>cum</span> <span class='ocrx_word' id='word_1_44' title='bbox 998 885 1365 944; x_wconf 79' lang='lat' dir='ltr'>ferocissimi</span> <span class='ocrx_word' id='word_1_45' title='bbox 1394 874 1505 964; x_wconf 89' lang='lat' dir='ltr'>per</span> <span class='ocrx_word' id='word_1_46' title='bbox 1534 885 1695 944; x_wconf 89' lang='lat' dir='ltr'>acies</span> <span class='ocrx_word' id='word_1_47' title='bbox 1725 894 1833 944; x_wconf 91' lang='lat' dir='ltr'>aut</span> <span class='ocrx_word' id='word_1_48' title='bbox 1860 885 2316 964; x_wconf 89' lang='lat' dir='ltr'>proscriptione</span> 
     </span>
    </p>

    <p class='ocr_par' dir='ltr' id='par_1_4' title="bbox 310 982 2370 1450">
     <span class='ocr_line' id='line_1_8' title="bbox 310 982 2370 1061; baseline -0.004 -15"><span class='ocrx_word' id='word_1_49' title='bbox 310 1002 372 1047; x_wconf 85' lang='lat'>10</span> <span class='ocrx_word' id='word_1_50' title='bbox 413 984 800 1056; x_wconf 81' lang='lat' dir='ltr'>cecidissent,</span> <span class='ocrx_word' id='word_1_51' title='bbox 824 983 1016 1042; x_wconf 88' lang='lat' dir='ltr'>ceteri</span> <span class='ocrx_word' id='word_1_52' title='bbox 1037 983 1358 1054; x_wconf 84' lang='lat' dir='ltr'>nobilium,</span> <span class='ocrx_word' id='word_1_53' title='bbox 1380 992 1610 1060; x_wconf 90' lang='lat' dir='ltr'>quanto</span> <span class='ocrx_word' id='word_1_54' title='bbox 1636 982 1773 1061; x_wconf 90' lang='lat' dir='ltr'>quis</span> <span class='ocrx_word' id='word_1_55' title='bbox 1794 982 2051 1041; x_wconf 88' lang='lat' dir='ltr'>servitio</span> <span class='ocrx_word' id='word_1_56' title='bbox 2075 1002 2320 1061; x_wconf 90' lang='lat' dir='ltr'>promp-</span> <span class='ocrx_word' id='word_1_57' title='bbox 2367 1032 2370 1037; x_wconf 92' lang='lat'>.</span> 
     </span>
     <span class='ocr_line' id='line_1_9' title="bbox 415 1068 2318 1159; baseline -0.002 -18"><span class='ocrx_word' id='word_1_58' title='bbox 415 1083 557 1154; x_wconf 91' lang='lat' dir='ltr'>tior,</span> <span class='ocrx_word' id='word_1_59' title='bbox 586 1068 901 1159; x_wconf 31' lang='lat' dir='ltr'>opibus&#39;et</span> <span class='ocrx_word' id='word_1_60' title='bbox 926 1079 1266 1139; x_wconf 92' lang='lat' dir='ltr'>honoribus</span> <span class='ocrx_word' id='word_1_61' title='bbox 1301 1079 1751 1139; x_wconf 80' lang='lat' dir='ltr'>extollerentur</span> <span class='ocrx_word' id='word_1_62' title='bbox 1779 1098 1849 1138; x_wconf 90' lang='lat' dir='ltr'>ac</span> <span class='ocrx_word' id='word_1_63' title='bbox 1878 1079 2059 1138; x_wconf 84' lang='lat' dir='ltr'>novis</span> <span class='ocrx_word' id='word_1_64' title='bbox 2100 1099 2179 1138; x_wconf 91' lang='lat' dir='ltr'>ex</span> <span class='ocrx_word' id='word_1_65' title='bbox 2219 1098 2318 1138; x_wconf 92' lang='lat' dir='ltr'>re-</span> 
     </span>
     <span class='ocr_line' id='line_1_10' title="bbox 414 1175 2318 1255; baseline -0.002 -17"><span class='ocrx_word' id='word_1_66' title='bbox 414 1180 530 1238; x_wconf 88' lang='lat' dir='ltr'>bus</span> <span class='ocrx_word' id='word_1_67' title='bbox 561 1178 726 1237; x_wconf 89' lang='lat' dir='ltr'>aucti</span> <span class='ocrx_word' id='word_1_68' title='bbox 753 1185 895 1236; x_wconf 88' lang='lat' dir='ltr'>tuta</span> <span class='ocrx_word' id='word_1_69' title='bbox 921 1185 986 1236; x_wconf 93' lang='lat' dir='ltr'>et</span> <span class='ocrx_word' id='word_1_70' title='bbox 1014 1175 1366 1255; x_wconf 89' lang='lat' dir='ltr'>praesentia</span> <span class='ocrx_word' id='word_1_71' title='bbox 1395 1195 1582 1255; x_wconf 88' lang='lat' dir='ltr'>quam</span> <span class='ocrx_word' id='word_1_72' title='bbox 1617 1185 1834 1235; x_wconf 87' lang='lat' dir='ltr'>vetera</span> <span class='ocrx_word' id='word_1_73' title='bbox 1871 1185 1935 1235; x_wconf 92' lang='lat' dir='ltr'>et</span> <span class='ocrx_word' id='word_1_74' title='bbox 1966 1175 2318 1254; x_wconf 88' lang='lat' dir='ltr'>periculosa</span> 
     </span>
     <span class='ocr_line' id='line_1_11' title="bbox 416 1273 2323 1353; baseline -0.002 -18"><span class='ocrx_word' id='word_1_75' title='bbox 416 1276 695 1336; x_wconf 88' lang='lat' dir='ltr'>mallent.</span> <span class='ocrx_word' id='word_1_76' title='bbox 778 1275 1000 1353; x_wconf 86' lang='lat' dir='ltr'>Neque</span> <span class='ocrx_word' id='word_1_77' title='bbox 1045 1273 1401 1352; x_wconf 90' lang='lat' dir='ltr'>provinciae</span> <span class='ocrx_word' id='word_1_78' title='bbox 1451 1273 1628 1332; x_wconf 93' lang='lat' dir='ltr'>illum</span> <span class='ocrx_word' id='word_1_79' title='bbox 1677 1293 1889 1332; x_wconf 89' lang='lat' dir='ltr'>rerum</span> <span class='ocrx_word' id='word_1_80' title='bbox 1939 1282 2172 1332; x_wconf 86' lang='lat' dir='ltr'>statum</span> <span class='ocrx_word' id='word_1_81' title='bbox 2221 1273 2323 1332; x_wconf 88' lang='lat' dir='ltr'>ab·</span> 
     </span>
     <span class='ocr_line' id='line_1_12' title="bbox 418 1368 2324 1450; baseline -0.001 -18"><span class='ocrx_word' id='word_1_82' title='bbox 418 1372 713 1446; x_wconf 90' lang='lat' dir='ltr'>nuebant,</span> <span class='ocrx_word' id='word_1_83' title='bbox 755 1380 1040 1449; x_wconf 87' lang='lat' dir='ltr'>suspecto</span> <span class='ocrx_word' id='word_1_84' title='bbox 1086 1380 1335 1430; x_wconf 87' lang='lat' dir='ltr'>senatus</span> <span class='ocrx_word' id='word_1_85' title='bbox 1384 1371 1720 1450; x_wconf 87' lang='lat' dir='ltr'>populique</span> <span class='ocrx_word' id='word_1_86' title='bbox 1759 1368 2030 1450; x_wconf 71' lang='lat' dir='ltr'>,imperio</span> <span class='ocrx_word' id='word_1_87' title='bbox 2073 1371 2152 1430; x_wconf 93' lang='lat' dir='ltr'>ob</span> <span class='ocrx_word' id='word_1_88' title='bbox 2194 1390 2324 1430; x_wconf 88' lang='lat' dir='ltr'>cer-</span> 
     </span>
    </p>

    <p class='ocr_par' dir='ltr' id='par_1_5' title="bbox 312 1462 2325 1724">
     <span class='ocr_line' id='line_1_13' title="bbox 312 1462 2316 1548; baseline -0.001 -17"><span class='ocrx_word' id='word_1_89' title='bbox 312 1487 376 1532; x_wconf 84' lang='lat'>15</span> <span class='ocrx_word' id='word_1_90' title='bbox 418 1470 654 1530; x_wconf 88' lang='lat' dir='ltr'>tamina</span> <span class='ocrx_word' id='word_1_91' title='bbox 681 1468 1035 1548; x_wconf 90' lang='lat' dir='ltr'>potentium</span> <span class='ocrx_word' id='word_1_92' title='bbox 1064 1476 1128 1527; x_wconf 93' lang='lat' dir='ltr'>et</span> <span class='ocrx_word' id='word_1_93' title='bbox 1158 1468 1483 1528; x_wconf 88' lang='lat' dir='ltr'>avaritiam</span> <span class='ocrx_word' id='word_1_94' title='bbox 1512 1462 2009 1547; x_wconf 85' lang='lat' dir='ltr'>magistratuum,</span> <span class='ocrx_word' id='word_1_95' title='bbox 2038 1468 2316 1528; x_wconf 88' lang='lat' dir='ltr'>invalido</span> 
     </span>
     <span class='ocr_line' id='line_1_14' title="bbox 418 1565 2325 1647; baseline -0.002 -20"><span class='ocrx_word' id='word_1_96' title='bbox 418 1569 628 1647; x_wconf 88' lang='lat' dir='ltr'>legum</span> <span class='ocrx_word' id='word_1_97' title='bbox 669 1566 918 1640; x_wconf 91' lang='lat' dir='ltr'>auxilio,</span> <span class='ocrx_word' id='word_1_98' title='bbox 948 1585 1103 1645; x_wconf 89' lang='lat' dir='ltr'>quae</span> <span class='ocrx_word' id='word_1_99' title='bbox 1132 1565 1216 1638; x_wconf 90' lang='lat' dir='ltr'>vi,</span> <span class='ocrx_word' id='word_1_100' title='bbox 1248 1565 1505 1639; x_wconf 89' lang='lat' dir='ltr'>ambitu,</span> <span class='ocrx_word' id='word_1_101' title='bbox 1535 1574 1850 1644; x_wconf 84' lang='lat' dir='ltr'>postremo</span> <span class='ocrx_word' id='word_1_102' title='bbox 1892 1565 2156 1644; x_wconf 91' lang='lat' dir='ltr'>pecunia</span> <span class='ocrx_word' id='word_1_103' title='bbox 2197 1573 2325 1625; x_wconf 92' lang='lat' dir='ltr'>tur-</span> 
     </span>
     <span class='ocr_line' id='line_1_15' title="bbox 420 1666 748 1724; baseline -0.003 0"><span class='ocrx_word' id='word_1_104' title='bbox 420 1666 748 1724; x_wconf 89' lang='lat' dir='ltr'>babantur.</span> 
     </span>
    </p>

    <p class='ocr_par' dir='ltr' id='par_1_6' title="bbox 419 1760 2326 2131">
     <span class='ocr_line' id='line_1_16' title="bbox 521 1760 2325 1840; baseline -0.001 -19"><span class='ocrx_word' id='word_1_105' title='bbox 521 1764 577 1821; x_wconf 84' lang='lat'>3.</span> <span class='ocrx_word' id='word_1_106' title='bbox 652 1762 944 1821; x_wconf 85' lang='lat' dir='ltr'>Ceterum</span> <span class='ocrx_word' id='word_1_107' title='bbox 983 1762 1327 1840; x_wconf 78' lang='lat' dir='ltr'>AugustuS,</span> <span class='ocrx_word' id='word_1_108' title='bbox 1364 1760 1639 1821; x_wconf 87' lang='lat' dir='ltr'>subsidia</span> <span class='ocrx_word' id='word_1_109' title='bbox 1674 1761 2108 1836; x_wconf 90' lang='lat' dir='ltr'>dominationi,</span> <span class='ocrx_word' id='word_1_110' title='bbox 2148 1761 2325 1822; x_wconf 85' lang='lat' dir='ltr'>Clau-</span> 
     </span>
     <span class='ocr_line' id='line_1_17' title="bbox 421 1857 2325 1937; baseline 0.001 -21"><span class='ocrx_word' id='word_1_111' title='bbox 421 1859 594 1917; x_wconf 91' lang='lat' dir='ltr'>dium</span> <span class='ocrx_word' id='word_1_112' title='bbox 619 1857 982 1917; x_wconf 88' lang='lat' dir='ltr'>Marcellum</span> <span class='ocrx_word' id='word_1_113' title='bbox 1015 1859 1240 1918; x_wconf 88' lang='lat' dir='ltr'>sororis</span> <span class='ocrx_word' id='word_1_114' title='bbox 1266 1858 1464 1937; x_wconf 85' lang='lat' dir='ltr'>filium</span> <span class='ocrx_word' id='word_1_115' title='bbox 1496 1858 1834 1917; x_wconf 88' lang='lat' dir='ltr'>admodum</span> <span class='ocrx_word' id='word_1_116' title='bbox 1864 1859 2325 1918; x_wconf 89' lang='lat' dir='ltr'>adolescentem</span> 
     </span>
     <span class='ocr_line' id='line_1_18' title="bbox 419 1953 2324 2035; baseline 0.001 -23"><span class='ocrx_word' id='word_1_117' title='bbox 419 1953 790 2034; x_wconf 88' lang='lat' dir='ltr'>pontificatu</span> <span class='ocrx_word' id='word_1_118' title='bbox 814 1965 876 2012; x_wconf 91' lang='lat' dir='ltr'>et</span> <span class='ocrx_word' id='word_1_119' title='bbox 900 1955 1100 2012; x_wconf 88' lang='lat' dir='ltr'>curuli</span> <span class='ocrx_word' id='word_1_120' title='bbox 1123 1954 1461 2027; x_wconf 87' lang='lat' dir='ltr'>aedilitate,</span> <span class='ocrx_word' id='word_1_121' title='bbox 1486 1954 1577 2013; x_wconf 91' lang='lat' dir='ltr'>M.</span> <span class='ocrx_word' id='word_1_122' title='bbox 1600 1954 1952 2035; x_wconf 85' lang='lat' dir='ltr'>Agrippam</span> <span class='ocrx_word' id='word_1_123' title='bbox 1982 1955 2324 2035; x_wconf 91' lang='lat' dir='ltr'>ignobilem</span> 
     </span>
     <span class='ocr_line' id='line_1_19' title="bbox 422 2048 2326 2131; baseline 0.001 -20"><span class='ocrx_word' id='word_1_124' title='bbox 422 2052 580 2123; x_wconf 80' lang='lat'>1000,</span> <span class='ocrx_word' id='word_1_125' title='bbox 603 2050 837 2109; x_wconf 93' lang='lat' dir='ltr'>bonum</span> <span class='ocrx_word' id='word_1_126' title='bbox 864 2050 1090 2110; x_wconf 91' lang='lat' dir='ltr'>militia</span> <span class='ocrx_word' id='word_1_127' title='bbox 1119 2048 1511 2111; x_wconf 82' lang='lat' dir='ltr'>et&#39;victoriae</span> <span class='ocrx_word' id='word_1_128' title='bbox 1541 2053 1795 2125; x_wconf 87' lang='lat' dir='ltr'>socium,</span> <span class='ocrx_word' id='word_1_129' title='bbox 1824 2052 2155 2131; x_wconf 88' lang='lat' dir='ltr'>geminatis</span> <span class='ocrx_word' id='word_1_130' title='bbox 2185 2073 2326 2113; x_wconf 90' lang='lat' dir='ltr'>con-</span> 
     </span>
    </p>

    <p class='ocr_par' dir='ltr' id='par_1_7' title="bbox 315 2148 2331 2623">
     <span class='ocr_line' id='line_1_20' title="bbox 315 2148 2323 2233; baseline 0.001 -23"><span class='ocrx_word' id='word_1_131' title='bbox 315 2166 345 2210; x_wconf 89' lang='lat'><strong>5</strong></span> <span class='ocrx_word' id='word_1_132' title='bbox 420 2149 721 2210; x_wconf 84' lang='lat' dir='ltr'>sulatibus</span> <span class='ocrx_word' id='word_1_133' title='bbox 782 2148 1027 2221; x_wconf 87' lang='lat' dir='ltr'>extulit,</span> <span class='ocrx_word' id='word_1_134' title='bbox 1082 2169 1230 2209; x_wconf 90' lang='lat' dir='ltr'>mox</span> <span class='ocrx_word' id='word_1_135' title='bbox 1290 2149 1590 2211; x_wconf 81' lang='lat' dir='ltr'>defuncto</span> <span class='ocrx_word' id='word_1_136' title='bbox 1655 2151 1954 2212; x_wconf 89' lang='lat' dir='ltr'>Marcello</span> <span class='ocrx_word' id='word_1_137' title='bbox 2020 2173 2323 2233; x_wconf 86' lang='lat' dir='ltr'>generum</span> 
     </span>
     <span class='ocr_line' id='line_1_21' title="bbox 424 2247 2328 2327; baseline 0.001 -18"><span class='ocrx_word' id='word_1_138' title='bbox 424 2248 687 2327; x_wconf 87' lang='lat' dir='ltr'>sumpsit</span> <span class='ocrx_word' id='word_1_139' title='bbox 712 2268 728 2321; x_wconf 83' lang='lat'><em>3</em></span> <span class='ocrx_word' id='word_1_140' title='bbox 785 2247 1104 2307; x_wconf 89' lang='lat' dir='ltr'>Tiberium</span> <span class='ocrx_word' id='word_1_141' title='bbox 1161 2247 1479 2307; x_wconf 90' lang='lat' dir='ltr'>Neronem</span> <span class='ocrx_word' id='word_1_142' title='bbox 1537 2259 1601 2309; x_wconf 90' lang='lat' dir='ltr'>et</span> <span class='ocrx_word' id='word_1_143' title='bbox 1660 2250 1993 2310; x_wconf 85' lang='lat' dir='ltr'>Claudium</span> <span class='ocrx_word' id='word_1_144' title='bbox 2048 2251 2328 2311; x_wconf 90' lang='lat' dir='ltr'>Drusum</span> 
     </span>
     <span class='ocr_line' id='line_1_22' title="bbox 424 2346 2326 2429; baseline 0.002 -24"><span class='ocrx_word' id='word_1_145' title='bbox 424 2346 746 2426; x_wconf 87' lang='lat' dir='ltr'>privignos</span> <span class='ocrx_word' id='word_1_146' title='bbox 775 2347 1188 2427; x_wconf 89' lang='lat' dir='ltr'>imperatoriis</span> <span class='ocrx_word' id='word_1_147' title='bbox 1223 2349 1579 2409; x_wconf 91' lang='lat' dir='ltr'>nominibus</span> <span class='ocrx_word' id='word_1_148' title='bbox 1624 2350 1816 2423; x_wconf 90' lang='lat' dir='ltr'>auxit,</span> <span class='ocrx_word' id='word_1_149' title='bbox 1847 2350 2093 2429; x_wconf 90' lang='lat' dir='ltr'>integra</span> <span class='ocrx_word' id='word_1_150' title='bbox 2136 2349 2326 2410; x_wconf 90' lang='lat' dir='ltr'>etiam</span> 
     </span>
     <span class='ocr_line' id='line_1_23' title="bbox 423 2445 2331 2526; baseline 0.001 -22"><span class='ocrx_word' id='word_1_151' title='bbox 423 2453 559 2504; x_wconf 88' lang='lat' dir='ltr'>tum</span> <span class='ocrx_word' id='word_1_152' title='bbox 602 2445 787 2504; x_wconf 92' lang='lat' dir='ltr'>domo</span> <span class='ocrx_word' id='word_1_153' title='bbox 831 2466 957 2505; x_wconf 87' lang='lat' dir='ltr'>sua.</span> <span class='ocrx_word' id='word_1_154' title='bbox 1039 2446 1206 2505; x_wconf 91' lang='lat' dir='ltr'>Nam</span> <span class='ocrx_word' id='word_1_155' title='bbox 1240 2446 1489 2525; x_wconf 90' lang='lat' dir='ltr'>genitos</span> <span class='ocrx_word' id='word_1_156' title='bbox 1519 2446 1824 2526; x_wconf 88' lang='lat' dir='ltr'>Agrippa,</span> <span class='ocrx_word' id='word_1_157' title='bbox 1857 2447 2076 2507; x_wconf 87' lang='lat' dir='ltr'>Caium</span> <span class='ocrx_word' id='word_1_158' title='bbox 2110 2467 2181 2507; x_wconf 90' lang='lat' dir='ltr'>ac</span> <span class='ocrx_word' id='word_1_159' title='bbox 2210 2446 2331 2506; x_wconf 91' lang='lat' dir='ltr'>Lu-</span> 
     </span>
     <span class='ocr_line' id='line_1_24' title="bbox 423 2541 2327 2623; baseline 0.002 -23"><span class='ocrx_word' id='word_1_160' title='bbox 423 2541 608 2615; x_wconf 91' lang='lat' dir='ltr'>cium,</span> <span class='ocrx_word' id='word_1_161' title='bbox 639 2542 702 2601; x_wconf 91' lang='lat' dir='ltr'>in</span> <span class='ocrx_word' id='word_1_162' title='bbox 746 2543 1046 2602; x_wconf 81' lang='lat' dir='ltr'>familiam</span> <span class='ocrx_word' id='word_1_163' title='bbox 1077 2543 1410 2604; x_wconf 85' lang='lat' dir='ltr'>Caesarum</span> <span class='ocrx_word' id='word_1_164' title='bbox 1442 2543 1793 2617; x_wconf 83' lang='lat' dir='ltr'>induxerat,</span> <span class='ocrx_word' id='word_1_165' title='bbox 1823 2545 2094 2603; x_wconf 90' lang='lat' dir='ltr'>necdum</span> <span class='ocrx_word' id='word_1_166' title='bbox 2122 2545 2327 2623; x_wconf 89' lang='lat' dir='ltr'>posita</span> 
     </span>
    </p>

    <p class='ocr_par' dir='ltr' id='par_1_8' title="bbox 318 2639 2332 3112">
     <span class='ocr_line' id='line_1_25' title="bbox 318 2639 2328 2719; baseline 0 -21"><span class='ocrx_word' id='word_1_167' title='bbox 318 2654 380 2698; x_wconf 85' lang='lat'>10</span> <span class='ocrx_word' id='word_1_168' title='bbox 422 2639 645 2718; x_wconf 89' lang='lat' dir='ltr'>puerili</span> <span class='ocrx_word' id='word_1_169' title='bbox 680 2649 1006 2718; x_wconf 87' lang='lat' dir='ltr'>praetexta</span> <span class='ocrx_word' id='word_1_170' title='bbox 1045 2639 1358 2718; x_wconf 91' lang='lat' dir='ltr'>principes</span> <span class='ocrx_word' id='word_1_171' title='bbox 1399 2640 1749 2719; x_wconf 88' lang='lat' dir='ltr'>juventutis</span> <span class='ocrx_word' id='word_1_172' title='bbox 1793 2640 2108 2719; x_wconf 90' lang='lat' dir='ltr'>appellari,</span> <span class='ocrx_word' id='word_1_173' title='bbox 2140 2639 2328 2699; x_wconf 89' lang='lat' dir='ltr'>desti-</span> 
     </span>
     <span class='ocr_line' id='line_1_26' title="bbox 423 2735 2326 2815; baseline 0.001 -22"><span class='ocrx_word' id='word_1_174' title='bbox 423 2736 560 2795; x_wconf 90' lang='lat' dir='ltr'>nari</span> <span class='ocrx_word' id='word_1_175' title='bbox 588 2736 870 2796; x_wconf 84' lang='lat' dir='ltr'>consules</span> <span class='ocrx_word' id='word_1_176' title='bbox 892 2737 1094 2814; x_wconf 84' lang='lat' dir='ltr'>specie</span> <span class='ocrx_word' id='word_1_177' title='bbox 1117 2735 1459 2795; x_wconf 89' lang='lat' dir='ltr'>recusantis</span> <span class='ocrx_word' id='word_1_178' title='bbox 1481 2736 1956 2814; x_wconf 86' lang='lat' dir='ltr'>flagrantissime</span> <span class='ocrx_word' id='word_1_179' title='bbox 1980 2736 2326 2815; x_wconf 85' lang='lat' dir='ltr'>cupiverat.</span> 
     </span>
     <span class='ocr_line' id='line_1_27' title="bbox 425 2832 2329 2912; baseline 0 -20"><span class='ocrx_word' id='word_1_180' title='bbox 425 2832 521 2893; x_wconf 91' lang='lat' dir='ltr'>Ut</span> <span class='ocrx_word' id='word_1_181' title='bbox 550 2833 837 2912; x_wconf 90' lang='lat' dir='ltr'>Agrippa</span> <span class='ocrx_word' id='word_1_182' title='bbox 877 2834 1010 2892; x_wconf 87' lang='lat' dir='ltr'>vita</span> <span class='ocrx_word' id='word_1_183' title='bbox 1052 2834 1374 2905; x_wconf 87' lang='lat' dir='ltr'>concessit,</span> <span class='ocrx_word' id='word_1_184' title='bbox 1404 2832 1667 2892; x_wconf 90' lang='lat' dir='ltr'>Lucium</span> <span class='ocrx_word' id='word_1_185' title='bbox 1701 2833 2030 2893; x_wconf 87' lang='lat' dir='ltr'>Caesarem</span> <span class='ocrx_word' id='word_1_186' title='bbox 2074 2844 2329 2892; x_wconf 88' lang='lat' dir='ltr'>euntem</span> 
     </span>
     <span class='ocr_line' id='line_1_28' title="bbox 427 2928 2332 3009; baseline 0.001 -22"><span class='ocrx_word' id='word_1_187' title='bbox 427 2930 503 2987; x_wconf 92' lang='lat' dir='ltr'>ad</span> <span class='ocrx_word' id='word_1_188' title='bbox 533 2928 966 3009; x_wconf 85' lang='lat' dir='ltr'>Hispaniensis</span> <span class='ocrx_word' id='word_1_189' title='bbox 997 2929 1322 3002; x_wconf 74' lang='lat' dir='ltr'>exercituS,</span> <span class='ocrx_word' id='word_1_190' title='bbox 1355 2929 1574 2989; x_wconf 87' lang='lat' dir='ltr'>Caium</span> <span class='ocrx_word' id='word_1_191' title='bbox 1611 2939 1997 2989; x_wconf 88' lang='lat' dir='ltr'>remeantem</span> <span class='ocrx_word' id='word_1_192' title='bbox 2026 2929 2332 2989; x_wconf 89' lang='lat' dir='ltr'>Armenia</span> 
     </span>
     <span class='ocr_line' id='line_1_29' title="bbox 410 3025 2328 3112; baseline 0.001 -29"><span class='ocrx_word' id='word_1_193' title='bbox 410 3035 490 3112; x_wconf 62' lang='lat' dir='ltr'>xet</span> <span class='ocrx_word' id='word_1_194' title='bbox 517 3027 776 3085; x_wconf 90' lang='lat' dir='ltr'>vulnere</span> <span class='ocrx_word' id='word_1_195' title='bbox 804 3025 1168 3098; x_wconf 90' lang='lat' dir='ltr'>invalidum,</span> <span class='ocrx_word' id='word_1_196' title='bbox 1198 3046 1365 3085; x_wconf 89' lang='lat' dir='ltr'>mors</span> <span class='ocrx_word' id='word_1_197' title='bbox 1403 3026 1537 3085; x_wconf 82' lang='lat' dir='ltr'>fato</span> <span class='ocrx_word' id='word_1_198' title='bbox 1566 3046 1848 3105; x_wconf 89' lang='lat' dir='ltr'>propera,</span> <span class='ocrx_word' id='word_1_199' title='bbox 1876 3028 1979 3086; x_wconf 83' lang='lat' dir='ltr'>vel</span> <span class='ocrx_word' id='word_1_200' title='bbox 2022 3046 2328 3086; x_wconf 86' lang='lat' dir='ltr'>novercae</span> 
     </span>
    </p>

    <p class='ocr_par' dir='ltr' id='par_1_9' title="bbox 320 3120 2334 3589">
     <span class='ocr_line' id='line_1_30' title="bbox 320 3120 2328 3201; baseline 0 -21"><span class='ocrx_word' id='word_1_201' title='bbox 320 3136 382 3180; x_wconf 89' lang='lat'>15</span> <span class='ocrx_word' id='word_1_202' title='bbox 425 3120 640 3182; x_wconf 88' lang='lat' dir='ltr'>Liviae</span> <span class='ocrx_word' id='word_1_203' title='bbox 671 3124 869 3196; x_wconf 79' lang='lat' dir='ltr'>doluS,</span> <span class='ocrx_word' id='word_1_204' title='bbox 901 3123 1177 3195; x_wconf 91' lang='lat' dir='ltr'>abstulit,</span> <span class='ocrx_word' id='word_1_205' title='bbox 1209 3121 1539 3201; x_wconf 87' lang='lat' dir='ltr'>Drusoque</span> <span class='ocrx_word' id='word_1_206' title='bbox 1571 3122 1812 3201; x_wconf 89' lang='lat' dir='ltr'>pridem</span> <span class='ocrx_word' id='word_1_207' title='bbox 1843 3123 2123 3182; x_wconf 90' lang='lat' dir='ltr'>extincto</span> <span class='ocrx_word' id='word_1_208' title='bbox 2153 3121 2328 3182; x_wconf 88' lang='lat' dir='ltr'>Nero</span> 
     </span>
     <span class='ocr_line' id='line_1_31' title="bbox 428 3218 2333 3299; baseline 0.001 -23"><span class='ocrx_word' id='word_1_209' title='bbox 428 3219 592 3277; x_wconf 86' lang='lat' dir='ltr'>solus</span> <span class='ocrx_word' id='word_1_210' title='bbox 635 3239 668 3278; x_wconf 94' lang='lat' dir='ltr'>e</span> <span class='ocrx_word' id='word_1_211' title='bbox 710 3219 1016 3299; x_wconf 89' lang='lat' dir='ltr'>privignis</span> <span class='ocrx_word' id='word_1_212' title='bbox 1046 3228 1200 3292; x_wconf 86' lang='lat' dir='ltr'>erat,</span> <span class='ocrx_word' id='word_1_213' title='bbox 1231 3219 1379 3278; x_wconf 92' lang='lat' dir='ltr'>illuc</span> <span class='ocrx_word' id='word_1_214' title='bbox 1408 3228 1631 3280; x_wconf 91' lang='lat' dir='ltr'>cuncta</span> <span class='ocrx_word' id='word_1_215' title='bbox 1660 3240 1917 3299; x_wconf 73' lang='lat' dir='ltr'>yergere</span> <span class='ocrx_word' id='word_1_216' title='bbox 1942 3239 1955 3278; x_wconf 80' lang='lat' dir='ltr'><strong><em>z</em></strong></span> <span class='ocrx_word' id='word_1_217' title='bbox 1998 3218 2181 3291; x_wconf 90' lang='lat' dir='ltr'>filius,</span> <span class='ocrx_word' id='word_1_218' title='bbox 2212 3218 2333 3278; x_wconf 91' lang='lat' dir='ltr'>col-</span> 
     </span>
     <span class='ocr_line' id='line_1_32' title="bbox 430 3301 2331 3396; baseline 0.001 -24"><span class='ocrx_word' id='word_1_219' title='bbox 430 3314 573 3394; x_wconf 88' lang='lat' dir='ltr'>lega</span> <span class='ocrx_word' id='word_1_220' title='bbox 612 3315 876 3395; x_wconf 89' lang='lat' dir='ltr'>imperii,</span> <span class='ocrx_word' id='word_1_221' title='bbox 905 3336 1159 3376; x_wconf 90' lang='lat' dir='ltr'>consors</span> <span class='ocrx_word' id='word_1_222' title='bbox 1201 3316 1568 3375; x_wconf 88' lang='lat' dir='ltr'>tribuniciae</span> <span class='ocrx_word' id='word_1_223' title='bbox 1607 3301 1936 3396; x_wconf 71' lang='lat' dir='ltr'>p&#39;otestatis</span> <span class='ocrx_word' id='word_1_224' title='bbox 1978 3316 2331 3389; x_wconf 90' lang='lat' dir='ltr'>assumitur,</span> 
     </span>
     <span class='ocr_line' id='line_1_33' title="bbox 428 3412 2334 3491; baseline 0 -21"><span class='ocrx_word' id='word_1_225' title='bbox 428 3412 751 3491; x_wconf 88' lang='lat' dir='ltr'>omnisque</span> <span class='ocrx_word' id='word_1_226' title='bbox 781 3432 893 3491; x_wconf 90' lang='lat' dir='ltr'>per</span> <span class='ocrx_word' id='word_1_227' title='bbox 922 3414 1229 3473; x_wconf 91' lang='lat' dir='ltr'>exercitus</span> <span class='ocrx_word' id='word_1_228' title='bbox 1258 3421 1628 3487; x_wconf 90' lang='lat' dir='ltr'>ostentatur,</span> <span class='ocrx_word' id='word_1_229' title='bbox 1652 3434 1776 3472; x_wconf 90' lang='lat' dir='ltr'>non</span> <span class='ocrx_word' id='word_1_230' title='bbox 1806 3413 2105 3486; x_wconf 77' lang='lat' dir='ltr'>obscuriS,</span> <span class='ocrx_word' id='word_1_231' title='bbox 2130 3421 2202 3472; x_wconf 90' lang='lat' dir='ltr'>ut</span> <span class='ocrx_word' id='word_1_232' title='bbox 2231 3432 2334 3471; x_wconf 89' lang='lat' dir='ltr'>an-</span> 
     </span>
     <span class='ocr_line' id='line_1_34' title="bbox 428 3497 2334 3589; baseline 0.001 -22"><span class='ocrx_word' id='word_1_233' title='bbox 428 3516 552 3582; x_wconf 90' lang='lat' dir='ltr'>tea,</span> <span class='ocrx_word' id='word_1_234' title='bbox 594 3508 812 3568; x_wconf 86' lang='lat' dir='ltr'>matris</span> <span class='ocrx_word' id='word_1_235' title='bbox 854 3510 1111 3582; x_wconf 80' lang='lat' dir='ltr'>artibus,</span> <span class='ocrx_word' id='word_1_236' title='bbox 1154 3510 1264 3570; x_wconf 89' lang='lat' dir='ltr'>sed</span> <span class='ocrx_word' id='word_1_237' title='bbox 1304 3510 1513 3589; x_wconf 91' lang='lat' dir='ltr'>palam</span> <span class='ocrx_word' id='word_1_238' title='bbox 1552 3497 1829 3572; x_wconf 87' lang='lat' dir='ltr'>hortatu.</span> <span class='ocrx_word' id='word_1_239' title='bbox 1911 3511 2080 3571; x_wconf 88' lang='lat' dir='ltr'>Nam</span> <span class='ocrx_word' id='word_1_240' title='bbox 2121 3529 2334 3570; x_wconf 83' lang='lat' dir='ltr'>senem</span> 
     </span>
    </p>
   </div>
  </div>
 </body>
</html>
