2738 4048
793 253 1314 302 HISTORIARUM
1357 256 1579 303 LIBER
1626 221 1994 314 QUARmUs.
2133 247 2137 255 '
2278 243 2404 308 141

399 409 672 490 spectiorv
707 429 873 469 mors
915 410 1098 484 foret,
1130 411 1208 470 ad
1251 411 1797 491 quadragesimum
1839 433 1917 473 an
1962 414 2113 473 urbe
2154 415 2301 494 lapi-

400 506 544 566 dem
584 506 791 585 Appia
830 507 932 565 via
971 507 1105 566 fuso
1151 528 1263 586 per
1306 528 1494 567 venas
1540 510 1837 587 sanguine
1889 510 2292 589 extinguitur.

398 602 604 686 Julius
661 603 907 662 Priscus
962 604 1414 681 praetoriarum
1469 606 1582 663 sub
1633 606 1893 665 Vitellio
1950 608 2298 668 cohortium

397 699 746 778 praefectus
776 719 839 758 se
867 700 998 778 ipse
1027 700 1359 773 interfecit,
1389 702 1626 780 pudore
1655 703 1852 782 magis
1888 724 2073 783 quam
2101 724 2305 765 neces-
2345 722 2403 766 20

397 797 601 856 sitate.
655 796 917 856 Alfenus
940 795 1147 857 Varus
1174 797 1460 875 ignaviae
1489 798 1899 878 infamiaeque
1922 820 2067 859 suae
2090 820 2298 880 super-

395 893 538 952 fuit.
620 893 932 953 Asiaticus
986 893 1066 971 (is
1115 893 1279 952 enim
1335 894 1622 976 libertus)
1667 895 1893 955 malam
1948 897 2296 976 potentiam

396 990 606 1050 servili
634 989 934 1068 supplicio
963 990 1260 1068 expiavit.
1836 980 1841 981 ἶ

479 1089 571 1146 12.
628 1086 836 1146 Isdem
878 1086 1096 1145 diebus
1137 1089 1628 1147 crebrescentem
1669 1088 1862 1148 cladis
1892 1090 2294 1152 Germanicae

393 1184 622 1243 famam
664 1202 1055 1261 nequaquam
1097 1193 1336 1244 maesta
1385 1185 1606 1244 civitas
1649 1185 2033 1263 excipiebat3
2083 1207 2294 1248 caesos

396 1281 722 1353 exercitus,
764 1289 946 1358 capta
985 1279 1305 1358 logionum
1346 1280 1622 1353 hiberna,
1665 1280 1997 1341 descivisse
2041 1283 2290 1358 Gallias,

394 1398 521 1437 non
560 1386 635 1436 ut
681 1378 842 1435 mala
888 1376 1318 1454 loquebantur.
1401 1376 1479 1435 Id
1527 1377 1760 1436 bellum
1818 1378 2038 1455 quibus
2095 1381 2292 1440 causis

394 1485 620 1546 ortum,
652 1482 883 1560 quanto
913 1482 1309 1531 externarum
1337 1474 1758 1553 sociarumque
1787 1475 2071 1552 gentium
2112 1487 2289 1536 motu

391 1570 765 1650 flagraverit,
797 1570 981 1629 altius
1010 1569 1352 1648 expediam.
1424 1570 1670 1643 Batavi,
1700 1572 1901 1631 donec
1929 1582 2101 1632 trans
2132 1574 2293 1633 Rhe-

392 1688 543 1726 num
599 1666 884 1745 agebant,
940 1685 1081 1744 pars
1140 1667 1529 1739 Chattorum,
1587 1667 1892 1726 seditione
1951 1668 2293 1728 domestica

390 1764 554 1844 pulsi
582 1774 860 1822 extrema
887 1762 1159 1821 Gallicae
1191 1782 1331 1821 orae
1361 1782 1556 1820 vacua
1596 1764 1952 1837 cultoribus,
1983 1765 2287 1846 simulque

390 1862 657 1920 insulam
683 1861 865 1939 juxta
892 1859 1076 1917 sitam
1105 1878 1507 1937 occupavere,
1533 1879 1716 1939 quam
1745 1880 1913 1919 mare
1945 1861 2227 1922 Oceanus
2256 1884 2292 1923 a

389 1959 615 2030 fronte,
671 1956 926 2015 Rhenus
983 1955 1180 2015 amnis
1241 1965 1491 2035 tergum
1547 1975 1617 2015 ac
1672 1957 1866 2017 latera
1922 1958 2289 2020 circumluit.

391 2056 529 2115 Nec
561 2056 777 2134 opibus
800 2056 1116 2130 RomaniS,
1136 2057 1432 2116 societate
1462 2059 1851 2133 validiorum,
1875 2061 2095 2134 attriti,
2124 2061 2288 2119 viros

390 2162 636 2213 tantum
680 2172 969 2232 armaque
1009 2154 1271 2233 imperio
1326 2157 1702 2232 ministrant,
1748 2158 1857 2218 diu
1899 2159 2285 2220 Germanicis

389 2250 566 2310 bellis
595 2251 871 2323 exerciti,
902 2272 1047 2311 mox
1078 2263 1259 2314 aucta
1284 2275 1398 2334 per
1427 2256 1817 2316 Britanniam
1846 2259 2059 2337 gloria,
2090 2272 2284 2320 trans-

388 2355 589 2416 missis
617 2356 763 2418 illuc
793 2358 1165 2434 cohortibus,
1189 2380 1340 2440 quas
1362 2369 1574 2421 vetere
1603 2360 1892 2420 instituto
1921 2357 2286 2419 nobilissimi

387 2455 775 2532 popularium
824 2459 1138 2536 regebant.
1222 2458 1377 2517 Erat
1427 2466 1490 2517 et
1539 2457 1709 2516 domi
1752 2457 2029 2515 delectus
2075 2475 2281 2535 eques,

386 2551 719 2630 praecipuo
747 2554 939 2613 nandi
968 2555 1214 2630 studi03
1259 2573 1431 2613 arma
1469 2572 1776 2634 equosque
1818 2552 2091 2611 retinens
2132 2552 2286 2610 inte·

385 2646 514 2724 gris
544 2650 761 2709 turmis
790 2650 1080 2710 Rhenum
1110 2670 1524 2731 perrumpere.

471 2745 563 2802 13.
618 2745 821 2806 Julius
845 2747 1077 2808 Paulus
1100 2759 1163 2809 et
1182 2749 1387 2809 Julius
1409 2749 1639 2822 Civilis,
1659 2748 1829 2827 regia
1851 2748 2061 2827 stirpe,
2085 2746 2283 2806 multo

387 2849 623 2901 ceteros
667 2844 1007 2905 antiebant.
1091 2845 1358 2906 Paulum
1389 2846 1691 2906 Fonteius
1732 2845 1955 2923 Capito
1996 2844 2154 2903 falso
2198 2862 2285 2901 re-

384 2935 668 2998 bellionis
724 2941 980 3000 crimine
1035 2942 1386 3016 interfecit3
1440 2943 1710 3023 injectae
1764 2941 1950 3001 Civili
2006 2949 2281 3012 catenae,

383 3032 723 3114 missusque
754 3037 833 3096 ad
862 3038 1177 3099 Neronem
1207 3048 1269 3099 et
1300 3059 1335 3098 a
1364 3040 1561 3099 Galba
1590 3038 1924 3110 absolutuS,
1945 3036 2058 3095 sub
2086 3035 2285 3095 Vitel-

382 3128 468 3187 lio
513 3151 722 3192 rursus
772 3134 1102 3194 discrimen
1146 3136 1318 3209 adiit,
1361 3136 1689 3214 flagitante
1737 3132 2106 3212 supplicium
2148 3133 2284 3211 ejus

384 3228 697 3287 exercitu:
739 3228 884 3288 inde
916 3250 1131 3290 causae
1159 3231 1389 3290 irarum
1433 3251 1692 3310 spesque
1724 3250 1799 3287 ex
1829 3228 2007 3287 malis
2036 3228 2280 3286 nostris.

386 3322 511 3381 Sed
536 3324 768 3400 Civilis,
793 3328 958 3385 ultra
979 3348 1161 3406 quam
1184 3327 1459 3386 barbaris
1483 3327 1752 3398 solitum,
1774 3324 2021 3402 ingenio
2046 3325 2279 3397 sollerS,

382 3429 446 3478 et
478 3420 821 3482 Sertorium
850 3443 914 3482 se
946 3433 1053 3483 aut
1081 3424 1459 3483 Annibalem
1500 3423 1706 3482 ferens
1735 3421 1918 3480 simili
1949 3421 2069 3480 oris
2099 3421 2282 3478 deho-

379 3527 791 3591 nestamento,
841 3539 919 3577 ne
969 3528 1040 3578 ut
1094 3519 1259 3578 hosti
1310 3519 1555 3579 obviam
1610 3518 1822 3591 iretur,
1872 3517 1922 3575 si
1972 3536 2008 3575 a
2051 3517 2281 3595 populo

383 3612 671 3674 Romano
713 3616 919 3695 palam
961 3615 1341 3691 descivisset,
1373 3615 1742 3695 Vespasiani
1786 3613 2123 3674 amicitiam
2165 3623 2287 3674 stu·-

2332 1975 2396 2021 10

2326 2468 2386 2513 15

2330 3628 2388 3673 10
