2738 4048
403 271 486 336 78
964 282 1356 332 EXCERPTA
1400 279 1827 330 TAcrrrANA.

510 463 630 523 quo
671 442 902 522 largior
942 453 1006 502 et
1046 442 1325 521 pluribus
1365 441 1517 502 locis
1559 441 1623 500 in
1665 439 1981 519 publicum
2021 438 2259 512 flueret,
2288 456 2418 498 cus·

511 541 711 613 todes,
760 551 823 599 et
874 540 1147 599 subsidia
1202 539 1608 617 reprimendis
1662 537 1909 616 ignibus
1963 536 2025 595 in
2083 535 2415 615 propatulo

513 638 770 716 quisque
812 637 1104 710 haberet3
1146 656 1260 696 nec
1303 634 1734 694 communione
1775 632 2102 712 parietum,
2132 632 2241 692 sed
2281 651 2417 712 pro-

510 734 655 814 priis
699 753 975 813 quaeque
1018 732 1206 792 muris
1251 731 1646 791 ambirentur.
1742 734 1836 789 Ea
1884 750 1963 790 ex
2013 730 2282 789 utilitate
2324 748 2417 788 ac-

405 845 469 891 20
512 840 692 908 cepta
749 830 1035 888 decorem
1091 849 1333 908 quoque
1390 848 1589 888 novae
1644 828 1782 887 urbi
1839 828 2120 887 attulere.
2216 825 2416 885 Erant

513 937 724 987 tamen
755 926 859 1004 qui
889 925 1225 998 crederent,
1255 934 1532 984 veterem
1573 924 1744 983 illam
1779 924 2042 983 formam
2071 922 2417 982 salubritati

511 1022 710 1101 magis
753 1021 1139 1096 conduxisse,
1196 1022 1488 1101 quoniam
1522 1021 1843 1100 angustiae
1872 1020 2165 1080 itinerum
2192 1029 2257 1078 et
2287 1019 2417 1078 alti-

512 1119 670 1180 tudo
707 1126 1017 1178 tectorum
1047 1138 1174 1177 non
1202 1117 1460 1197 perinde
1502 1118 1648 1178 solis
1688 1136 1918 1195 vapore
1960 1135 2419 1196 perrumperen-

514 1224 634 1276 tur:
652 1223 714 1274 at
727 1234 892 1274 nunc
908 1215 1183 1293 patulam
1198 1214 1595 1274 latitudinem
1610 1224 1673 1274 et
1689 1213 1859 1273 nulla
1872 1213 2089 1272 umbra
2103 1212 2417 1272 defensam

407 1324 471 1371 25
511 1309 797 1390 graviore
828 1316 1002 1368 aestu
1032 1308 1372 1368 ardescere.

305 1411 361 1479 l(
595 1407 693 1466 44.
752 1406 837 1465 Et
858 1407 1010 1465 haec
1034 1405 1285 1485 quidem
1311 1405 1597 1465 humanis
1627 1368 1893 1464 consiliis
1915 1402 2416 1483 providebantur.

516 1503 672 1563 Mox
700 1503 901 1583 petita
929 1521 966 1561 a
994 1502 1089 1561 dis
1116 1503 1360 1581 piacula
1388 1501 1664 1580 aditique
1697 1501 1971 1580 Sibyllae
2000 1500 2157 1574 libri,
2186 1519 2265 1559 ex
2293 1500 2422 1581 qui-

515 1601 633 1660 bus
672 1598 1087 1678 supplicatum
1116 1598 1403 1658 Volcano
1446 1607 1509 1657 et
1540 1597 1746 1658 Cereri
1776 1596 2320 1676 Proserpinaeque,
2349 1616 2422 1657 ac

519 1697 856 1776 propitiata
897 1695 940 1757 J
944 1716 1066 1756 uno
1119 1715 1231 1775 per
1285 1704 1619 1767 matronas,
1660 1694 1928 1772 primum
1982 1693 2047 1753 in
2092 1693 2419 1772 Capitolio,

409 1809 441 1855 5
517 1794 742 1853 deinde
783 1793 944 1872 apud
984 1793 1337 1871 proximum
1379 1810 1567 1865 mare,
1598 1790 1766 1850 unde
1808 1791 2030 1850 hausta
2070 1809 2230 1870 aqua
2268 1799 2423 1850 tem-

516 1893 687 1971 plum
712 1901 775 1951 et
797 1891 1188 1950 simulacrum
1212 1889 1367 1948 deae
1390 1907 1780 1968 perspersum
1802 1897 1897 1948 est
1917 1908 1934 1963 3
1963 1896 2026 1947 et
2056 1888 2422 1948 sellisternia

520 2007 591 2048 ac
619 1986 945 2066 pervigilia
987 1985 1374 2047 celebravere
1415 1985 1677 2046 feminae
1709 1984 1931 2066 quibus
1972 1984 2180 2045 mariti
2223 1993 2417 2045 erant.

523 2085 650 2144 Sed
691 2105 816 2143 non
861 2103 976 2162 ope
1018 2085 1302 2155 humana,
1332 2104 1458 2143 non
1501 2082 1934 2162 largitionibus
1979 2082 2273 2164 principis
2314 2091 2423 2143 aut

519 2182 707 2239 deum
735 2179 1139 2259 placamentis
1178 2180 1520 2239 decedebat
1560 2180 1835 2254 infamia,
1865 2180 2015 2259 quin
2054 2181 2296 2260 jussum
2334 2180 2425 2239 in-

415 2293 477 2339 10
519 2276 808 2337 cendium
838 2276 1206 2337 crederetur.
1290 2277 1462 2357 Ergo
1492 2278 1796 2337 abolendo
1823 2278 2055 2337 rumori
2084 2276 2258 2338 Nero
2287 2278 2427 2337 sub-

521 2374 685 2434 didit
737 2394 876 2434 reos
932 2384 995 2435 et
1053 2374 1513 2454 quaesitissimis
1569 2375 1785 2454 poenis
1840 2374 2061 2448 affecit,
2111 2394 2265 2454 quos
2313 2394 2425 2454 per

519 2472 753 2553 flagitia
787 2473 1018 2534 invisos
1047 2476 1269 2555 vulgus
1302 2474 1684 2533 Christianos
1727 2473 2098 2552 appellabat.
2178 2473 2425 2533 Auctor

518 2571 787 2632 nominis
817 2572 946 2652 ejus
977 2572 1257 2634 Christus
1286 2571 1539 2631 Tiberio
1580 2571 1974 2651 imperitante
2001 2591 2113 2652 per
2139 2588 2426 2651 procura-

517 2679 716 2730 torem
745 2670 1042 2730 Pontium
1063 2670 1336 2729 Pilatum
1367 2668 1669 2748 supplicio
1701 2668 1962 2729 affectus
1990 2678 2161 2742 erat3
2189 2687 2426 2747 repres-

412 2780 475 2830 15
518 2786 705 2847 saque
747 2767 812 2826 in
855 2786 1143 2845 praesens
1174 2765 1505 2825 exitiabilis
1548 2765 1904 2845 superstitio
1946 2785 2186 2825 rursum
2228 2784 2425 2823 erum-

518 2864 724 2943 pebat,
755 2884 878 2922 non
908 2863 1093 2923 modo
1134 2882 1247 2941 per
1272 2862 1315 2922 J
1317 2862 1596 2936 udaeam,
1627 2862 1928 2942 originem
1959 2862 2088 2941 ejus
2118 2861 2282 2936 mali,
2311 2861 2423 2921 sed

518 2981 632 3041 per
683 2961 902 3020 urbem
960 2960 1167 3033 etiam,
1223 2978 1344 3039 quo
1403 2969 1629 3018 cuncta
1694 2960 1966 3038 undique
2025 2958 2260 3019 atrocia
2316 2966 2425 3017 aut

519 3058 813 3139 pudenda
843 3057 1162 3117 confluunt
1192 3056 1720 3132 celebranturque.
1779 3054 1982 3135 Igitur
2009 3054 2275 3134 primum
2298 3074 2425 3115 cor-

522 3155 682 3234 repti
725 3155 830 3234 qui
872 3154 1243 3226 fatebantur,
1286 3151 1513 3210 deinde
1556 3152 1788 3210 indicio
1831 3172 2044 3211 eorum
2084 3151 2423 3210 multitudo

413 3265 478 3312 20
519 3251 737 3331 ingens
780 3252 946 3310 haud
998 3250 1252 3330 perinde
1306 3249 1372 3307 in
1423 3248 1675 3308 crimine
1725 3248 1996 3309 incendii
2042 3268 2227 3327 quam
2277 3247 2424 3308 odio

522 3348 777 3406 humani
804 3348 1050 3427 generis
1080 3345 1352 3405 convicti
1387 3356 1550 3404 sunt.
1636 3344 1722 3404 Et
1764 3345 2164 3423 pereuntibus
2209 3343 2425 3403 addita

522 3444 807 3518 ludibria,
836 3455 905 3504 ut
937 3444 1207 3503 ferarum
1249 3443 1443 3521 tergis
1485 3442 1757 3503 contecti
1796 3442 2032 3502 laniatu
2074 3461 2298 3501 canum
2337 3441 2426 3500 in-

523 3539 803 3613 terirent,
834 3549 940 3599 aut
978 3540 1266 3599 crucibus·
1302 3539 1482 3613 affixi,
1528 3548 1634 3598 aut
1673 3539 2048 3613 flammandi,
2090 3548 2275 3618 atque
2318 3537 2427 3598 ubi
