2738 4048
371 269 498 335 106
987 284 1380 332 EXCERPTA
1423 282 1852 331 TACITIANA.

367 457 397 502 5
475 441 644 501 credi
673 441 751 501 de
781 441 1171 516 absentibus;
1212 442 1322 501 sed
1360 441 1524 520 legio
1554 450 1734 501 sexta
1762 451 1827 501 et
1856 442 2162 502 tredecim
2190 445 2382 505 vexil-

474 540 766 598 lariorum
794 539 966 597 milia
994 538 1234 617 ingenti
1265 539 1509 617 agmine
1539 539 1975 618 sequebantur.
2045 539 2317 601 Classem
2345 563 2379 602 e

476 636 683 696 Ponto
711 634 1081 712 Byzantium
1106 635 1273 714 adigi
1286 637 1575 714 jusserat,
1600 635 1925 715 ambiguus
1950 637 2206 712 consilii,
2228 658 2381 698 num

475 734 700 792 omissa
729 732 983 804 Moesia,
1014 731 1430 810 Dyrrachium
1461 731 1670 809 pedite
1707 741 1892 811 atque
1937 733 2165 811 equite,
2194 736 2378 794 simul

477 828 680 905 longis
711 827 970 886 navibus
999 848 1243 886 versum
1275 827 1337 886 in
1371 826 1619 886 Italiam
1660 847 1830 887 mare
1873 829 2213 904 clauderet,
2243 840 2381 890 tuta

369 940 431 985 10
472 944 633 1003 pone
690 933 935 1001 tergum
983 924 1224 983 Achaia
1272 923 1567 1003 Asiaque,
1617 944 1770 1004 quas
1823 925 2092 986 inermes
2147 928 2376 1005 exponi

479 1021 760 1093 Vitellio,
790 1021 854 1079 ni
883 1022 1202 1099 praesidiis
1244 1021 1677 1096 firmarentur-3
1720 1032 1906 1101 atque
1948 1023 2151 1101 ipsum
2181 1023 2379 1083 Vitel-

477 1118 628 1178 lium
659 1117 720 1175 in
752 1118 989 1177 incerto
1019 1119 1146 1177 fore
1178 1138 1360 1196 quam
1389 1129 1634 1197 partem
1665 1117 1882 1178 Italiae
1925 1128 2299 1199 protegeret,
2329 1120 2380 1180 si

478 1215 593 1275 sibi
629 1215 1033 1274 Brundisium
1071 1215 1534 1294 Tarentumque
1577 1225 1640 1275 et
1684 1216 2003 1277 Calabriae
2046 1215 2378 1277 Lucaniae-

482 1332 599 1392 que
629 1312 814 1371 litora
841 1312 1086 1371 infestis
1116 1312 1412 1372 classibus
1442 1322 1818 1391 peterentur.

563 1410 655 1469 84.
715 1408 919 1488 Igitur
961 1409 1236 1482 navium3
1277 1410 1569 1484 militum,
1614 1429 1927 1470 armorum
1968 1419 2193 1490 paratu
2232 1420 2380 1471 stre-

479 1526 624 1586 pere
655 1506 1028 1586 provinciae,
1061 1506 1171 1566 sed
1206 1507 1361 1566 nihil
1405 1527 1597 1586 aeque
1640 1508 1947 1587 fatigabat
1977 1528 2161 1587 quam
2202 1528 2381 1588 pecu·

478 1603 722 1662 niarum
793 1603 1165 1681 conquisitio
1200 1624 1213 1663 :
1290 1624 1396 1664 eos
1467 1624 1598 1664 esse
1670 1605 1816 1664 belli
1886 1606 2086 1665 civilis
2153 1626 2376 1665 nervos

481 1701 774 1761 dictitans
817 1701 1159 1774 Mucianus,
1191 1721 1316 1760 non
1358 1703 1461 1781 jus
1504 1711 1611 1761 aut
1654 1722 1872 1761 verum
1913 1703 1977 1760 in
2020 1702 2382 1781 cognitioni-

372 1813 403 1859 5
480 1799 594 1857 bus
644 1798 754 1857 sed
783 1798 975 1857 solam
1003 1798 1501 1876 magnitudinem
1530 1818 1718 1877 opum
1747 1799 2085 1877 spectabat.
2141 1797 2380 1856 Passim

482 1895 844 1968 delationeS,
877 1906 941 1955 et
970 1895 1492 1974 locupletissimus
1523 1896 1778 1973 quisque
1818 1895 1879 1953 in
1917 1895 2213 1973 praedam
2256 1914 2382 1953 cor-

480 1993 679 2073 repti:
723 2012 879 2072 quae
923 1993 1139 2072 gravia
1181 2002 1364 2071 atque
1409 1992 1818 2065 intoleranda,
1861 1992 1970 2052 sed
2015 1991 2380 2051 necessitate

482 2111 790 2150 armorum
822 2100 1131 2161 excusata,
1163 2090 1349 2149 etiam
1382 2089 1443 2148 in
1475 2109 1625 2168 pace
1654 2109 1953 2162 mansere,
1985 2090 2120 2167 ipso
2150 2089 2382 2167 Vespa-

481 2188 654 2246 siano
684 2187 848 2246 inter
870 2187 1048 2245 initia
1070 2187 1312 2264 imperii
1337 2188 1416 2246 ad
1436 2186 1805 2245 obtinendas
1834 2186 2193 2265 iniquitates
2213 2186 2380 2245 haud

374 2298 437 2345 10
479 2284 735 2364 perinde
767 2284 1139 2357 obstinante,
1172 2285 1369 2343 donec
1400 2284 1795 2363 indulgentia
1823 2284 2103 2342 fortunae
2147 2293 2209 2343 et
2250 2301 2383 2361 pra-

480 2381 578 2442 vis
621 2380 932 2460 magistris
981 2381 1202 2441 didicit
1261 2401 1564 2459 aususque
1615 2391 1728 2441 est.
1811 2380 2089 2458 Propriis
2139 2398 2380 2459 quoque

481 2478 701 2558 opibus
744 2479 1067 2538 Mucianus
1109 2479 1341 2538 bellum
1384 2478 1569 2558 juvit,
1611 2478 1819 2556 largus
1860 2477 2172 2555 privatim,
2212 2477 2380 2555 quod

482 2575 723 2635 avidius
767 2576 845 2634 de
889 2576 1203 2654 republica
1244 2584 1533 2635 sumeret.
1620 2574 1829 2633 Ceteri
1864 2573 2380 2633 conferendarum

479 2673 881 2752 pecuniarum
913 2673 1262 2750 exemplum
1307 2671 1526 2744 secuti,
1558 2670 1902 2730 rarissimus
1945 2671 2202 2750 quisque
2244 2690 2383 2730 ean-

376 2784 435 2830 15
478 2771 618 2829 dem
651 2770 714 2827 in
745 2769 1151 2847 reciperando
1181 2769 1498 2827 licentiam
1528 2769 1900 2827 habuerunt.

566 2867 659 2926 86.
717 2866 809 2924 At
837 2865 901 2924 in
932 2865 1259 2925 Pannonia
1286 2865 1475 2925 tertia
1504 2865 1766 2925 decuma
1799 2865 1962 2942 legio
2007 2884 2076 2924 ac
2119 2864 2382 2944 septima

484 2963 803 3036 Galbiana,
841 2963 1117 3022 dolorem
1161 2962 1439 3041 iramque
1483 2962 1915 3021 Bedriacensis
1957 2982 2200 3041 pugnae
2242 2962 2385 3021 reti-

481 3071 718 3134 nenteS,
748 3060 914 3119 haud
955 3069 1322 3119 cunctanter
1355 3060 1737 3138 Vespasiano
1767 3078 2095 3132 accessere,
2125 3059 2187 3119 vi
2216 3078 2384 3137 prae-

373 3227 380 3230 ,
485 3157 664 3234 cipua
715 3156 908 3216 Primi
959 3156 1236 3216 Antonii.
1321 3154 1384 3215 Is
1434 3156 1674 3235 legibus
1720 3175 1949 3214 nocens
1991 3164 2055 3214 et
2104 3165 2381 3233 tempore

378 3266 407 3311 5
487 3252 756 3312 Neronis
785 3254 917 3313 falsi
943 3255 1292 3325 damnatus,
1311 3252 1476 3311 inter
1499 3254 1617 3311 alia
1637 3253 1786 3311 belli
1809 3253 1988 3324 mala,
2007 3251 2380 3312 senatorium

487 3350 765 3408 ordinem
794 3352 1269 3429 reciperaverat.
1355 3349 1756 3427 Praepositus
1787 3369 1822 3407 a
1852 3349 2049 3407 Galba
2085 3349 2383 3427 septimae

486 3445 716 3523 legioni
746 3449 1120 3525 scriptitasse
1152 3446 1388 3506 Othoni
1418 3446 1806 3518 credebatur,
1836 3446 2059 3506 ducem
2094 3465 2158 3505 se
2201 3445 2382 3525 parti-
2411 3463 2419 3470 ·

487 3541 602 3599 bus
631 3541 936 3616 offerens5
980 3563 1016 3601 a
1057 3565 1178 3623 quo
1208 3545 1529 3623 neglectus
1558 3543 1623 3601 in
1653 3543 1822 3603 nullo
1855 3542 2195 3603 Othoniani
2236 3542 2385 3603 belli
