2738 4048
373 228 458 292 86

380 1193 440 1238 10

381 1678 444 1725 15

382 2161 445 2206 20

387 3322 446 3366 10

936 240 1332 288 ΕΧΟΕΒΡΤΑ
1375 240 1470 287 ΤΑ
1477 239 1732 288 CITIAN
1736 241 1809 288 A.

478 400 724 460 brarum
760 398 1042 477 plurimis
1084 398 1366 458 ludibriis
1395 408 1708 473 vexatum,
1737 398 2126 478 dispensator
2150 398 2386 478 Argius

480 518 514 558 e
594 499 895 573 prioribus
969 495 1160 555 servis
1201 497 1421 555 humili
1477 497 1794 575 sepultura
1832 496 1897 555 in
1939 496 2197 575 privatis
2253 497 2385 574 ejus

480 596 677 655 hortis
707 593 1000 653 contexit.
1085 593 1308 671 Caput,
1339 613 1450 671 per
1490 593 1645 653 lixas
1688 595 2055 673 calonesque
2097 594 2384 653 suffixum

479 694 957 769 laceratumque,
982 700 1126 749 ante
1151 690 1433 749 Patrobii
1462 692 1771 750 tumulum
1804 691 2090 769 (libertus
2117 690 2170 749 is
2190 690 2385 750 Nero-

483 791 578 849 nis
607 788 859 868 punitus
888 807 924 845 a
952 786 1148 846 Galba
1189 786 1421 864 fuerat)
1456 797 1707 865 postera
1747 788 2002 846 demum
2042 787 2144 846 die
2184 806 2387 865 reper-

482 896 636 959 tum,
679 895 742 944 et
798 895 1069 944 cremato
1117 884 1250 962 jam
1307 884 1550 962 corpori
1598 884 1947 943 admixtum
2001 892 2115 943 est.
2197 883 2386 942 Hunc

484 983 721 1044 exitum
776 982 991 1041 habuit
1049 981 1300 1041 Servius
1356 980 1572 1054 Galba,
1617 981 1815 1040 tribus
1871 991 1952 1040 et'
1989 979 2385 1059 septuaginta

486 1080 661 1139 annis
704 1079 970 1158 quinque
1013 1078 1319 1158 principes
1362 1097 1658 1156 prospera
1696 1077 1952 1137 fortuna
1992 1096 2293 1148 emensuS,
2321 1085 2385 1135 et

484 1178 682 1237 alieno
738 1176 996 1255 imperio
1045 1176 1284 1234 felicior
1333 1194 1519 1253 quam
1569 1193 1700 1232 su0.
1783 1174 1987 1234 Vetus
2031 1174 2097 1232 in
2150 1172 2387 1232 familia

484 1275 792 1347 nobilitas,
820 1293 1081 1353 magnae
1125 1291 1305 1351 opes:
1348 1272 1465 1349 ipsi
1510 1271 1785 1330 medium
1824 1270 2159 1349 ingenium,
2188 1269 2385 1348 magis

486 1382 661 1432 extra
689 1373 841 1432 vitia
870 1391 1055 1451 quam
1085 1390 1224 1429 cum
1255 1368 1609 1428 virtutibus.
1694 1370 1924 1426 Famae
1967 1387 2081 1427 nee
2122 1367 2385 1427 incurio-

486 1490 588 1530 sus
632 1490 746 1528 nec
793 1468 1186 1541 venditator3
1242 1466 1539 1545 pecuniae
1597 1465 1834 1523 alienae
1889 1485 2015 1523 non
2072 1473 2385 1542 appetens,

488 1586 633 1627 suae
662 1586 894 1645 parcus,
922 1565 1203 1644 publicae
1233 1583 1486 1631 avarus;
1523 1561 1859 1621 amicorum
1887 1561 2386 1640 libertorumque,

487 1664 592 1723 ubi
635 1663 695 1722 in
739 1663 935 1722 bonos
976 1662 1310 1734 incidisset,
1355 1661 1488 1720 sine
1530 1658 2005 1738 reprehensione
2046 1658 2305 1737 patienS‚
2334 1658 2387 1717 si

488 1760 633 1820 mali
683 1760 905 1833 forent,
951 1779 1140 1838 usque
1190 1758 1269 1817 ad
1320 1758 1563 1836 culpam
1614 1757 1885 1835 ignarus.
1972 1755 2097 1815 Sed
2142 1755 2420 1814 claritas'

489 1857 787 1916 natalium
817 1867 881 1915 et
911 1865 1111 1914 metus
1141 1868 1494 1934 temporum
1515 1853 1819 1926 obtentui,
1837 1862 1909 1912 ut
1931 1852 2096 1931 quod
2127 1852 2390 1930 segnitia

488 1964 637 2024 erat,
666 1953 965 2031 sapientia
993 1963 1334 2011 vocaretur.
1420 1952 1589 2010 Dum
1618 1951 1870 2031 vigebat
1913 1959 2099 2023 aetaS,
2130 1948 2388 2007 militari

487 2051 671 2110 laude
715 2051 878 2128 apud
923 2049 1282 2108 Germanias
1323 2050 1551 2109 floruit.
1635 2050 1762 2108 Pro
1813 2050 2063 2108 consule
2105 2047 2389 2108 Africam

488 2145 822 2217 moderate,
863 2147 993 2224 jam
1035 2145 1239 2205 senior
1280 2146 1628 2205 citeriorem
1670 2145 2038 2225 Hispaniam
2080 2146 2212 2224 pari
2264 2148 2393 2226 jus-

490 2241 631 2301 titia
672 2242 995 2314 continuit,
1025 2241 1220 2319 major
1247 2242 1493 2320 privato
1522 2243 1706 2317 visuS,
1738 2244 1889 2302 dum
1929 2244 2208 2323 privatus
2250 2245 2389 2321 fuit,

489 2346 554 2398 et
583 2337 856 2397 omnium
887 2358 1185 2398 consensu
1216 2358 1410 2418 capax
1439 2340 1698 2419 imperii,
1727 2341 1845 2400 nisi
1876 2341 2251 2420 imperasset.

570 2435 663 2494 50.
733 2434 1068 2514 Trepidam
1098 2436 1327 2508 urbem,
1358 2455 1430 2495 ac
1470 2438 1653 2496 simul
1692 2439 2081 2498 atrocitatem
2122 2440 2389 2500 recentis

489 2532 751 2601 sceleris,
780 2532 960 2592 simul
991 2543 1232 2592 veteres
1262 2533 1529 2593 Othonis
1565 2555 1768 2595 mores
1809 2548 2160 2616 paventem,
2190 2557 2390 2596 novus

487 2631 737 2710 insuper
765 2630 842 2689 de
871 2630 1133 2690 Vitellio
1162 2631 1415 2691 nuntius
1447 2634 1766 2707 exterruit,
1793 2643 1937 2693 ante
1968 2635 2220 2695 eaedem
2251 2634 2389 2694 Gal-

487 2729 603 2788 bae
645 2747 1018 2807 suppressuS,
1048 2736 1118 2787 ut
1159 2736 1407 2788 tantum
1448 2730 1775 2808 superioris
1816 2731 2183 2791 Germaniae
2225 2752 2392 2791 exer-

487 2824 681 2885 citum
710 2823 1037 2883 descivisse
1068 2824 1441 2886 crederetur.
1527 2827 1691 2886 Tum
1722 2828 1898 2901 duos,
1930 2828 2206 2888 omnium
2237 2850 2392 2888 mor-

487 2921 704 2982 talium
745 2920 1146 3000 impudicitia,
1192 2922 1462 3002 ignavia,
1510 2925 1754 2984 luxuria
1797 2924 2181 2998 deterrimOS,
2216 2926 2391 2985 velut

489 3019 564 3078 ad
599 3018 979 3098 perdendum
1009 3018 1333 3099 imperium
1377 3021 1654 3081 fataliter
1697 3024 1944 3095 eleetOS,
1972 3042 2096 3082 non
2140 3031 2391 3082 senatus

490 3116 676 3175 modo
705 3125 768 3177 et
796 3136 999 3196 eques,
1022 3117 1159 3196 quis
1182 3118 1387 3197 aliqua
1407 3137 1551 3197 pars
1580 3129 1643 3178 et
1672 3139 1818 3178 cura
1844 3118 1931 3178 rei
1960 3120 2259 3198 publicae,
2282 3119 2391 3178 sed

491 3212 712 3292 vulgus
742 3235 985 3294 quoque
1015 3216 1219 3294 palam
1249 3235 1540 3273 maerere.
1622 3215 1761 3274 Nec
1793 3217 1927 3295 jam
1965 3216 2239 3275 recentia
2268 3234 2395 3274 sae-

489 3327 600 3366 vae
657 3312 823 3387 pacis
880 3313 1179 3391 exempla,
1236 3311 1344 3371 sed
1413 3312 1680 3390 repetita
1747 3312 2048 3371 bellorum
2117 3311 2393 3371 civilium

490 3407 801 3480 memoria,
832 3417 1075 3486 captam
1105 3408 1334 3467 totiens
1374 3408 1498 3468 suis
1533 3409 1904 3468 exercitibus
1947 3408 2182 3480 urbem,
2212 3407 2397 3467 vasti-

491 3509 688 3561 tatem
745 3501 982 3578 Italiae,
1029 3504 1412 3582 direptiones
1465 3505 1937 3583 provinciarum,
1989 3504 2393 3580 Pharsaliam,
