2738 4048
358 212 485 275 112
945 226 1338 274 EXCERPTA
1382 226 1812 274 TAcmANA.

356 400 387 445 5

360 885 421 931 10

363 2141 426 2187 10

361 2627 425 2673 15

365 3112 424 3155 20

462 385 655 458 tabat,
712 395 1008 463 tanquam
1065 384 1381 444 affinitatis
1438 405 1579 444 cum
1636 384 1898 444 Vitellio
1954 385 2373 461 meminisset3

463 483 750 560 idemque
782 482 949 561 quod
980 491 1308 559 coeptante
1338 482 1653 560 legionum
1682 491 1858 541 motu
1879 481 2199 561 profuguS,
2224 483 2373 542 dein

463 590 683 658 sponte
723 587 1123 651 remeaverat,
1154 578 1444 656 perfidiae
1487 579 1693 638 locum
1734 579 2042 657 quaesisse
2086 579 2375 639 credeba-

465 688 582 737 tur.
681 676 848 735 Nam
905 676 1292 748 Flavianum,
1342 676 1568 735 omissa
1623 675 1971 748 Pannonia,
2021 674 2369 754 ingressum

466 772 711 833 Italiam
735 784 796 832 et
820 773 1156 832 discrimini
1185 784 1560 851 exemptum,
1583 792 1792 832 rerum
1816 791 2118 831 novarum
2142 773 2369 851 cupido

463 869 655 949 legati
693 890 919 929 nomen
962 889 1270 929 resumere
1316 879 1381 928 et
1422 869 1666 928 misceri
1709 868 1992 928 civilibus
2035 869 2219 928 armis
2260 869 2370 929 im-

467 966 727 1045 pulerat,
771 967 1069 1025 suadente
1116 965 1403 1025 Cornelio
1444 965 1668 1038 Fusco,
1711 986 1834 1025 non
1878 965 2024 1044 quia
2062 965 2370 1025 industria

469 1062 752 1122 Flaviani
795 1063 1035 1142 egebat,
1079 1063 1188 1122 sed
1231 1074 1302 1121 ut
1345 1063 1665 1121 consulare
1708 1083 1931 1122 nomen
1975 1063 2370 1141 surgentibus

467 1181 606 1220 cum
637 1160 901 1218 maxime
930 1159 1206 1237 partibus
1236 1160 1498 1218 honesta
1528 1159 1729 1237 specie
1758 1159 2286 1238 praetenderetur.

548 1257 604 1317 6.
659 1257 941 1316 Antonio
971 1255 1322 1315 vexillarios
1352 1275 1386 1314 e
1417 1257 1774 1323 cohortibus
1817 1265 1881 1315 et
1922 1265 2165 1335 partem
2208 1255 2371 1334 equi-

467 1365 602 1415 tum
631 1354 712 1412 ad
740 1354 1157 1413 invadendam
1186 1351 1434 1411 Italiam
1464 1353 1728 1432 rapienti
1756 1373 1962 1413 comes
1999 1353 2115 1412 fuit
2144 1352 2368 1412 Arrius

467 1451 689 1524 Varus,
719 1459 1004 1510 strenuus
1034 1449 1213 1522 bello,
1244 1468 1431 1527 quam
1458 1449 1720 1528 gloriam
1749 1450 1806 1508 ei
1834 1450 1963 1508 dux
1995 1448 2261 1509 Corbulo
2306 1458 2370 1508 et

466 1567 794 1627 prosperae
837 1549 898 1606 in
944 1545 1243 1604 Armenia
1284 1567 1382 1605 res
1425 1546 1814 1606 addiderant.
1897 1546 2075 1604 Idem
2118 1545 2369 1606 secretis

466 1645 632 1724 apud
675 1644 992 1703 Neronem
1039 1643 1422 1703 sermonibus
1478 1644 1791 1704 ferebatur
1835 1643 2200 1703 Corbulonis
2247 1642 2367 1701 vir-

467 1751 635 1801 tutes
687 1742 1081 1814 criminatus3
1139 1741 1301 1800 unde
1349 1741 1565 1800 infami
1612 1741 1814 1820 gratia
1861 1741 2126 1819 primum
2174 1740 2370 1819 pilum

468 1839 695 1916 adepto
724 1839 888 1897 laeta
917 1837 996 1896 ad
1026 1857 1313 1915 praesens
1342 1838 1502 1897 male
1532 1848 1711 1916 parta
1750 1859 1888 1897 mox
1933 1838 1997 1896 in
2037 1837 2373 1916 perniciem

467 1944 727 1994 vertere.
813 1935 934 1993 Sed
967 1933 1214 1994 Primus
1243 1955 1313 1994 ac
1342 1935 1567 2008 VaruS,
1598 1946 1898 2013 occupata
1925 1934 2232 2012 Aquileia,
2263 1954 2373 2011 per

468 2031 749 2109 proxima
792 2051 1069 2110 quaeque
1127 2043 1191 2092 et
1234 2032 1542 2112 Opitergii
1583 2042 1647 2092 et
1688 2032 1891 2091 Altini
1933 2032 2110 2091 laetis
2151 2031 2373 2091 animis

468 2128 874 2205 accipiuntur.
984 2128 1300 2189 Relictum
1355 2129 1555 2188 Altini
1627 2129 2002 2207 praesidium
2071 2130 2368 2188 adversus

470 2224 679 2283 classis
733 2224 1116 2285 Ravennatis
1171 2237 1448 2300 conatuS,
1500 2227 1778 2286 nondum
1834 2226 2178 2286 desectione
2235 2227 2373 2305 ejus

470 2321 699 2381 audita.
781 2321 939 2382 Inde
968 2323 1300 2382 Patavium
1330 2333 1389 2382 et
1421 2323 1645 2384 Ateste
1686 2323 1962 2402 partibus
2002 2323 2371 2401 adjunxere:

471 2417 595 2477 illic
645 2419 963 2498 cognitum
1012 2430 1137 2479 tres
1175 2419 1548 2479 Vitellianas
1594 2420 1879 2479 cohortes
1929 2431 1992 2479 et
2042 2419 2219 2492 alam,
2271 2418 2371 2477 cui
2436 2475 2442 2479 .

473 2515 843 2576 Sebosianae
875 2538 1118 2591 nomen,
1150 2517 1226 2575 ad
1260 2517 1491 2576 Forum
1520 2517 1730 2575 Alieni
1760 2528 1949 2595 ponte
1981 2517 2202 2596 juncto
2233 2536 2373 2575 con-

470 2613 716 2673 sedisse.
802 2613 1051 2675 Placuit
1081 2614 1319 2675 occasio
1350 2614 1687 2673 invadendi
1715 2614 2053 2674 incuriosos
2072 2605 2097 2687 ξ
2129 2633 2274 2671 nam
2303 2613 2368 2671 id

470 2730 713 2790 quoque
769 2711 1207 2770 nuntiabatur:
1277 2712 1415 2771 luce
1470 2710 1668 2789 prima
1723 2710 1990 2769 inermos
2044 2712 2370 2788 plerosque

470 2826 841 2887 oppressere.
924 2807 1325 2867 Praedictum
1371 2817 1457 2881 ut,
1499 2807 1708 2886 paucis
1749 2807 2105 2881 interfectis,
2134 2818 2371 2866 ceteros

469 2923 697 2982 pavore
728 2903 806 2962 ad
836 2904 1201 2964 mutandam
1234 2904 1424 2964 fidem
1469 2914 1795 2984 cogerent3
1837 2913 1900 2963 et
1942 2904 2114 2963 fuere
2158 2904 2263 2982 qui
2304 2922 2369 2962 se

470 3002 683 3060 statim
727 3002 1064 3062 dederent:
1119 3002 1325 3080 plures
1368 3003 1633 3081 abrupto
1675 3014 1865 3080 ponte
1907 3000 2164 3062 instanti
2206 3001 2371 3060 hosti

466 3100 631 3158 viam
662 3100 1067 3161 abstulerunt.

555 3197 608 3255 7.
665 3196 943 3277 Vulgata
999 3197 1275 3271 victoria,
1318 3207 1461 3277 post
1501 3197 1803 3277 principia
1842 3197 1989 3258 belli
2030 3195 2372 3257 secundum

474 3291 805 3354 Flavianos
848 3296 1013 3368 data,
1057 3294 1336 3374 legiones
1378 3295 1641 3374 septima
1683 3295 2002 3368 Galbiana,
2046 3295 2231 3354 tertia
2273 3293 2374 3351 de-

475 3409 652 3448 cuma
708 3390 970 3451 Gemina
1025 3412 1167 3451 cum
1221 3392 1431 3452 Vedio
1488 3392 1717 3470 Aquila
1774 3393 1979 3470 legato
2037 3390 2373 3451 Patavium

474 3487 703 3545 alacres
745 3488 1019 3548 veniunt.
1105 3488 1204 3547 Ibi
1230 3489 1412 3567 pauci
1443 3489 1574 3549 dies
1604 3490 1681 3548 ad
1713 3489 1987 3567 requiem
2031 3488 2279 3568 sumpti,
2308 3497 2375 3547 et
