2738 4048
793 255 1316 303 HISTORIARUM
1359 257 1583 304 LIBER
1627 258 1957 339 qJER'rIUs.
2095 299 2099 305 .
2246 244 2373 310 137

368 424 651 493 tremque
679 411 1052 491 perfugeret.
1135 411 1301 470 Dein
1342 412 1692 472 mobilitate
1735 414 1965 492 ingenii
1998 423 2079 488 et,
2110 435 2267 493 quae

368 522 593 572 natura
641 509 888 588 pavoris
937 517 1052 581 est,
1101 528 1242 567 cum
1300 509 1508 568 omnia
1562 511 1865 569 metuenti
1920 512 2269 589 praesentia
2341 527 2372 573 ὅ

367 608 635 667 maxime
686 604 1106 683 displicerent,
1147 604 1213 664 in
1263 603 1577 663 Palatium
1625 606 1973 684 regreditur
2020 598 2268 667 vastum

370 705 825 782 desertumque,
871 700 1126 778 dilapsis
1182 701 1371 760 etiam
1425 701 1653 761 infimis
1709 703 2103 765 servitiorum
2158 714 2266 765 aut

369 821 690 862 occursum
720 801 850 878 ejus
879 797 1353 857 declinantibus.
1426 784 1647 859 Terret
1675 800 1945 859 solitudo
1975 811 2038 859 et
2065 811 2268 860 tacen-

369 910 463 958 tes
510 899 664 971 loci3
719 904 924 956 tent-at
966 896 1191 968 clausa,
1237 894 1604 954 inhorrescit
1653 896 1895 971 vacuis3
1948 897 2264 978 fessusque

367 996 593 1054 misero
624 1012 830 1052 errore
872 1001 937 1051 et
978 990 1273 1070 pudenda
1314 991 1552 1050 latebra
1593 1002 1789 1053 semet
1832 994 2147 1053 occultans
2190 994 2266 1053 ab
2309 1010 2372 1056 10

367 1091 408 1151 J
412 1091 537 1150 ulio
582 1089 839 1149 Placido
885 1087 1136 1147 tribuno
1181 1087 1455 1146 cohortis
1511 1088 1912 1166 protrahitur.
1995 1089 2264 1150 Vinctae

367 1206 529 1266 pone
570 1195 817 1265 tergum
857 1204 1113 1258 manus;
1155 1184 1387 1243 laniata
1428 1195 1619 1257 veste,
1662 1185 1914 1244 foedum
1957 1197 2268 1264 spectacu-

369 1285 517 1358 lum,
572 1283 931 1357 ducebatur,
987 1281 1200 1341 multis
1269 1280 1751 1359 increpantibuS,
1809 1283 1977 1341 nullo
2045 1282 2266 1342 illacri-

367 1390 617 1440 mante:
687 1379 1050 1439 deformitas
1106 1378 1309 1438 exitus
1365 1377 1851 1437 misericordiam
1907 1379 2263 1439 abstulerat.

369 1478 606 1538 Obvius
644 1497 678 1537 e
719 1476 1101 1537 Germanicis
1142 1475 1444 1536 militibus
1486 1475 1817 1534 Vitellium
1864 1475 2094 1535 infesto
2136 1476 2267 1537 ictu
2307 1491 2368 1538 15

366 1595 478 1655 per
504 1576 677 1649 iram,
705 1575 806 1633 vel
835 1594 957 1653 quo
983 1574 1287 1633 maturius
1314 1572 1585 1632 ludibrio
1617 1573 1936 1646 eximeret,
1965 1593 2044 1632 an
2074 1572 2265 1632 tribu-

367 1692 517 1732 num
539 1672 889 1751 appetierit,
907 1672 970 1730 in
992 1671 1231 1731 incerto
1251 1670 1366 1730 fuit
1389 1690 1402 1730 :
1433 1690 1646 1730 aurem
1664 1670 1899 1729 tribuni
1917 1671 2265 1749 amputavit

369 1789 441 1829 ac
469 1770 679 1829 statim
708 1768 1027 1829 confossus
1058 1777 1170 1828 est.

450 1866 544 1926 85.
612 1865 942 1925 Vitellium
997 1864 1240 1924 infestis
1289 1864 1687 1924 mucronibus
1744 1874 2026 1925 coactum
2074 1866 2262 1926 modo

368 1963 601 2043 erigere
631 1982 699 2023 os
726 1972 791 2022 et
813 1962 1038 2021 offerre
1069 1962 1479 2037 contumeliis,
1507 1982 1672 2022 nunc
1702 1963 1995 2024 cadentes
2025 1972 2262 2024 statuas

367 2080 522 2134 suaS,
540 2061 896 2140 plerumque
920 2069 1118 2119 rostra
1140 2070 1245 2120 aut
1266 2060 1499 2120 Galbae
1523 2061 1707 2121 occisi
1730 2063 1935 2122 locum
1960 2062 2260 2136 contueri,

365 2167 678 2237 postremo
706 2158 783 2216 ad
816 2157 1166 2230 GemoniaS,
1191 2156 1297 2216 ubi
1327 2177 1550 2237 corpus
1580 2157 1786 2218 Flavii
1818 2159 2031 2219 Sabini
2057 2162 2261 2240 jacue-

365 2265 478 2328 rat,
505 2249 864 2334 propulere':
906 2274 1030 2313 una
1058 2275 1180 2314 vox
1222 2276 1347 2315 non
1378 2256 1703 2334 degeneris
1747 2256 1936 2316 animi
1978 2266 2257 2336 excepta,
2335 2271 2366 2318 5

367 2371 508 2411 cum
561 2351 811 2411 tribuno
867 2350 1190 2411 insultanti
1246 2371 1311 2412 se
1366 2361 1577 2412 tamen
1633 2354 2071 2432 imperatorem
2129 2354 2259 2433 ejus

364 2448 549 2508 fuisse
578 2447 929 2526 respondit3
958 2467 1027 2507 ac
1051 2447 1279 2507 deinde
1308 2449 1566 2528 ingestis
1588 2450 1946 2509 vulneribus
1970 2451 2258 2511 concidit.

365 2543 453 2605 Et
492 2545 712 2623 vulgus
755 2545 972 2603 eadem
1008 2544 1320 2624 pravitate
1366 2545 1791 2605 insectabatur
1834 2546 2256 2618 interfectum,

366 2660 487 2720 qua
512 2641 755 2701 foverat
784 2641 1120 2701 viventem.

447 2739 539 2797 86.
607 2737 823 2798 Patria
871 2738 961 2797 illi
1001 2739 1292 2800 Luceria:
1342 2739 1679 2820 septimum
1722 2749 1786 2799 et
1834 2737 2261 2819 quinquagesi-

363 2855 533 2894 mum
562 2834 783 2894 aetatis
812 2854 1040 2895 annum
1071 2838 1381 2917 explebat.
1440 2837 1865 2909 Consulatum,
1895 2835 2258 2909 sacerdotia,

364 2951 589 2991 nomen
637 2932 961 3011 locumque
1007 2933 1170 2993 inter
1217 2936 1517 3015 primores
1567 2935 1737 2993 nulla
1780 2953 1890 2993 sua
1935 2932 2257 3006 industria,

365 3028 474 3087 sed
505 3039 726 3088 cuncta
752 3031 948 3108 patris
983 3031 1354 3091 claritudine
1398 3033 1694 3110 adeptus:
1740 3030 2159 3110 principatum
2201 3028 2260 3087 ei

365 3124 639 3185 detule‘re
663 3126 769 3206 qui
799 3128 1000 3206 ipsum
1029 3149 1153 3188 non
1182 3137 1522 3187 noverant:
1552 3127 1760 3187 studia
1787 3127 2092 3186 exercitus
2121 3145 2258 3185 raro
2331 3139 2362 3185 5

366 3221 649 3300 cuiquam
679 3224 857 3284 bonis
888 3225 1124 3284 artibus
1154 3226 1434 3304 quaesita
1474 3224 1731 3302 perinde
1776 3223 2029 3281 adfuere
2073 3242 2258 3301 quam

363 3317 645 3397 huic2per
674 3320 1008 3399 ignaviam.
1078 3320 1291 3380 Inerat
1318 3332 1527 3380 tamen
1559 3320 1918 3398 simplicitas
1947 3339 2018 3378 ac
2046 3320 2259 3378 libera-

364 3414 523 3488 litas,
555 3436 729 3495 quae,
758 3417 824 3476 ni
854 3417 1017 3477 adsit
1045 3418 1281 3489 modus,
1309 3416 1376 3475 in
1420 3415 1680 3474 exitium
1707 3425 2034 3474 vertuntur
2058 3435 2072 3473 z
2115 3402 2290 3473 ami-'

365 3510 540 3572 citias
609 3509 760 3572 dum
827 3513 1254 3592 magnitudine
1321 3532 1667 3586 munerum,
1730 3531 1855 3570 non
1909 3511 2259 3571 constantia
