2738 4048
404 242 487 306 90
966 257 1365 306 EXOERPTA
1409 255 1839 306 TACITIANA.

506 415 700 475 teritu
728 415 983 490 Galbae,
1014 425 1079 476 et
1114 415 1374 476 aderant
1417 416 1523 496 qui
1565 435 1737 475 arma
1766 414 2013 477 Vitellii
2050 414 2410 496 bellumque

509 514 901 586 affirmarent,
931 513 1149 572 anxius
1192 513 1418 586 anim0,
1453 513 1667 592 paucis
1710 514 2050 572 amicorum
2091 513 2408 586 adhibitis,

508 619 734 671 cuncta
787 611 1098 690 utrimque
1154 610 1526 688 perlustrat:
1596 610 1647 670 si
1702 620 1992 689 pergeret
2045 610 2112 669 in
2169 602 2405 682 urbem,

507 708 743 766 nullam
771 707 956 765 officii
983 707 1251 786 gratiam
1280 707 1344 766 in
1377 707 1630 767 alterius
1670 707 1973 766 honorem
2013 706 2304 785 suscepti,
2336 726 2407 764 ac

402 819 461 864 20
505 825 568 863 se
625 803 887 862 Vitellio
944 803 1073 862 sive
1131 803 1367 862 Othoni
1424 803 1707 863 obsidem
1760 804 1933 863 fore:
2002 803 2098 862 sin
2152 803 2405 875 rediret,

509 901 808 960 offensam
860 900 1029 959 haud
1071 900 1324 961 dubiam
1364 900 1643 974 victorie,
1685 901 1797 960 sed
1851 900 2157 959 incertam
2205 899 2407 958 adhuc

508 995 837 1055 victoriam
866 1005 930 1054 et
960 997 1340 1063 concedente
1369 995 1434 1055 in
1462 1006 1670 1076 partes
1703 1006 1881 1076 patre
1921 996 2119 1056 filium
2161 1014 2410 1055 excusae-

508 1102 666 1154 tum.
752 1092 862 1152 Sin
904 1092 1325 1171 Vespasianus
1364 1094 1813 1172 rempublicam
1861 1093 2220 1173 susciperet,
2260 1091 2409 1154 obli-

509 1189 872 1251 viscendum
900 1187 1276 1249 offensarum
1305 1190 1384 1249 de
1412 1190 1576 1249 bello
1607 1191 2007 1269 agitantibus,

592 1290 648 1347 2.
719 1286 837 1346 His
879 1306 950 1346 ac
991 1286 1219 1346 talibus
1259 1285 1428 1346 inter
1472 1306 1643 1366 spem
1693 1296 2051 1366 metumque
2096 1286 2408 1365 jactatum

511 1405 649 1465 spes
677 1384 847 1444 vicit.
931 1383 1214 1443 Fuerunt
1244 1384 1347 1462 qui
1379 1403 1705 1443 accensum
1735 1384 2043 1444 desiderio
2075 1383 2406 1443 Berenices

510 1483 759 1562 reginae
802 1480 1062 1540 vertisse
1103 1480 1224 1539 iter
1266 1481 1628 1556 crederent3
1682 1500 1887 1561 neque
1942 1480 2315 1540 abhorrebat
2371 1499 2409 1539 a

510 1578 814 1639 Berenice
854 1576 1150 1658 juvenilis
1194 1577 1454 1651 animus,
1484 1578 1593 1637 sed
1621 1578 1910 1656 gerendis
1940 1578 2123 1637 rebus
2165 1577 2408 1636 nullum

405 1692 437 1738 5
512 1697 589 1736 ex
619 1696 691 1736 eo
720 1674 1276 1754 impedimentum:
1317 1675 1549 1735 laetam
1587 1675 2013 1757 voluptatibus
2057 1675 2409 1734 adolescen-

510 1775 665 1834 tiam
694 1773 841 1852 egit,
873 1793 982 1832 suo
1013 1791 1196 1852 quam
1225 1771 1420 1851 patris
1447 1771 1706 1850 imperio
1737 1771 2136 1832 moderatior.
2205 1771 2410 1851 Igitur

512 1890 685 1929 oram
731 1869 1009 1929 Achaiae
1067 1889 1139 1928 ac
1184 1869 1376 1928 Asiae
1432 1888 1504 1930 ac
1558 1868 1735 1928 laeva
1787 1869 1972 1928 maris
2025 1879 2409 1948 praevectuS,

512 1967 809 2027 Rhodum
851 1978 915 2028 et
958 1967 1236 2046 Cyprum
1277 1967 1525 2041 insulaS,
1554 1966 1707 2026 inde.
1749 1966 1994 2046 Syriam
2036 1966 2410 2045 audentiori-

510 2065 625 2125 bus
655 2064 869 2143 spatiis
896 2065 1169 2142 petebat.
1250 2064 1463 2144 Atque
1505 2064 1680 2123 illum
1717 2064 1941 2142 cupido
1979 2064 2230 2123 incessit
2271 2065 2411 2123 ade-

407 2178 469 2223 10
509 2162 662 2222 undi
717 2162 1080 2241 visendique
1137 2163 1435 2240 templum
1481 2162 1756 2241 Paphiae
1800 2162 2083 2235 VeneriS,
2125 2162 2409 2222 inclitum

511 2279 623 2339 per
649 2259 973 2338 indigenas
1003 2258 1410 2339 advenasque.
1494 2260 1685 2319 Haud
1713 2260 1903 2320 fuerit
1932 2261 2188 2340 longum
2230 2259 2411 2320 initia

511 2359 848 2439 religionis,
899 2360 1115 2439 templi
1173 2360 1377 2437 ritum,
1433 2362 1698 2422 formam
1753 2362 1906 2421 deae
1961 2362 2188 2441 (neque
2244 2360 2411 2420 enim

514 2456 661 2516 alibi
691 2456 778 2515 sic
805 2455 1094 2536 habetur)
1126 2458 1336 2536 paucis
1365 2458 1684 2519 disserere.

594 2556 648 2636 3.
709 2555 1111 2622 Conditorem
1141 2557 1359 2635 templi
1389 2577 1601 2637 regem
1624 2556 1856 2617 Aerian
1885 2545 2066 2616 vetus
2095 2553 2410 2627 memoria,

513 2652 765 2733 quidam
793 2653 983 2731 ipsius
1012 2654 1165 2713 deae
1194 2674 1420 2713 nomen
1450 2654 1514 2713 id
1544 2654 1887 2732 perhibent.
1973 2653 2169 2713 Fama
2208 2669 2412 2711 recen-

510 2751 636 2810 tior
661 2750 856 2811 tradit
878 2770 914 2809 a
939 2749 1167 2829 Cinyra
1196 2761 1504 2810 sacratum
1533 2752 1854 2829 templum,
1878 2750 2182 2828 deamque
2212 2749 2408 2827 ipsam

513 2855 877 2926 conceptam
900 2846 1053 2905 mari
1081 2847 1203 2907 huc
1232 2848 1586 2926 appulsam3
1616 2847 1725 2908 sed
1749 2847 2069 2907 scientiam
2091 2855 2410 2925 artemque

406 2958 436 3003 5
512 2944 906 3023 haruspicum
964 2944 1241 3017 accitam,
1298 2954 1362 3003 et
1421 2944 1676 3004 Cilicem
1731 2944 2045 3004 Tamiram
2114 2944 2410 3014 intulisse,

514 3051 698 3122 atque
741 3042 829 3101 ita
869 3050 1137 3121 pactum,
1166 3050 1238 3101 ut
1279 3041 1550 3100 familiae
1595 3042 1914 3121 utriusque
1957 3041 2187 3121 posteri
2230 3040 2414 3100 caeri-

511 3139 734 3197 moniis
775 3138 1214 3217 praesiderent.
1297 3136 1470 3211 Mox,
1512 3158 1593 3197 ne
1649 3137 1883 3197 honore
1938 3138 2111 3197 nullo
2166 3137 2413 3217 regium

512 3255 707 3312 genus
775 3235 1159 3314 peregrinam
1230 3234 1485 3311 stirpem
1556 3236 1969 3307 antecelleret,
2025 3235 2157 3314 ipsa
2225 3252 2413 3313 quam

512 3330 851 3391 intulerant
880 3333 1135 3391 scientia
1162 3332 1438 3409 hospites
1481 3351 1750 3391 cessere:
1793 3342 2037 3391 tantum
2071 3330 2412 3410 Cinyrades

408 3440 467 3485 10
511 3427 793 3486 sacerdos
850 3429 1205 3488 consulitur.
1290 3427 1573 3501 Hostiae,
1616 3437 1687 3486 ut
1743 3428 2000 3508 quisque
2057 3427 2254 3499 vovit,
2299 3426 2413 3486 sed

512 3541 714 3582 mares
769 3522 1162 3601 deliguntur:
1225 3524 1567 3584 certissima
1620 3524 1776 3584 fides
1828 3525 2171 3585 haedorum
2225 3523 2410 3583 fibris.
