2738 4048
799 287 1319 338 msTORIARUM
1364 289 1584 336 mmm
1630 288 1929 336 PRIMUS,
2286 272 2369 337 85

363 448 528 508 enim
551 465 821 527 unquam
848 446 1174 525 imperium
1194 445 1432 525 flagitio
1455 446 1801 525 quaesitum
1820 445 2000 505 bonis
2031 445 2264 507 artibus

366 544 659 604 exercuit.
716 543 978 603 Galbam
1006 563 1339 603 consensus
1366 542 1609 622 generis
1637 543 1907 617 humani,
1935 562 2035 602 me
2066 542 2266 603 Galba

366 640 890 702 consentientibus
921 639 1112 713 vobiS,
1143 640 1471 699 Caesarem
1499 639 1674 699 dixit.
1735 639 1800 698 Si
1828 639 2173 718 respublica
2201 651 2267 701 et

367 727 617 799 senatus
645 746 708 797 et
736 737 1002 816 populus
1028 756 1224 797 vacua
1250 737 1504 796 nomina
1532 744 1694 809 sunt,
1719 745 1945 810 vestra,
1976 737 2268 797 commili-

366 845 562 907 tones,
589 834 850 893 interest.
878 854 957 893 ne
985 833 1420 911 imperatorem
1448 832 1699 914 pessimi
1728 832 1981 894 faciant.
2052 833 2268 913 Legio·
2308 849 2371 894 15

368 952 518 992 num
547 930 770 991 seditio
801 930 1093 989 adversus
1122 931 1307 989 duces
1338 949 1481 989 suos
1510 930 1723 989 audita
1764 938 1859 990 est
1901 931 2266 1011 aliquando:

369 1039 574 1089 vestra
600 1028 754 1087 fides
782 1028 1070 1108 famaque
1105 1028 1316 1086 illaesa
1357 1027 1438 1086 ad
1480 1027 1644 1087 hunc
1687 1028 1853 1088 diem
1895 1029 2159 1089 mansit:
2203 1037 2268 1089 et

368 1126 541 1186 Nero
571 1143 814 1205 quoque
844 1144 956 1185 vos
985 1124 1288 1197 destituit,
1316 1144 1443 1183 non
1482 1144 1593 1183 vos
1636 1124 1971 1185 Neronem.
2055 1125 2268 1185 Minus

368 1222 624 1301 triginta
650 1220 1008 1300 transfugae
1038 1230 1101 1280 et
1131 1221 1495 1295 desertores,
1527 1241 1678 1301 quos
1708 1223 2134 1282 centurionem
2160 1231 2270 1281 aut

370 1319 690 1380 tribunum
728 1306 858 1377 sibi'
890 1318 1188 1397 eligentes
1230 1338 1414 1378 nemo
1455 1318 1667 1394 ferret,
1711 1319 2036 1399 imperium
2092 1319 2276 1399 assig-
2315 1332 2375 1377 20
2460 1328 2470 1338 ‘

371 1416 655 1475 nabunt?
735 1414 1092 1475 Admittitis
1141 1416 1539 1494 exemplum?
1594 1427 1657 1477 et
1700 1417 2070 1497 quiescendo
2114 1436 2272 1476 com-

373 1533 558 1572 mune
615 1513 844 1573 crimen
899 1512 1148 1571 facitis?
1247 1512 1631 1574 Trascendet
1686 1515 1838 1574 haec
1900 1513 2151 1572 licentia
2205 1513 2270 1571 in

374 1610 736 1689 provinciaS,
766 1618 831 1668 et
861 1609 939 1668 ad
968 1628 1081 1669 nos
1110 1610 1409 1669 scelerum
1430 1611 1662 1685 exitus,
1690 1612 1995 1671 bellorum
2038 1610 2115 1669 ad
2157 1629 2272 1669 vos

374 1706 792 1787 pertinebunt.
875 1705 1015 1765 Nec
1070 1715 1165 1766 est
1206 1708 1346 1786 plus
1390 1709 1553 1787 quod
1597 1728 1708 1786 pro
1751 1708 1940 1767 caede
1980 1705 2274 1786 principis

377 1823 560 1884 quam
616 1803 782 1883 quod
827 1804 1260 1864 innocentibus
1312 1805 1663 1889 datur‚·sed
1714 1804 1968 1884 perinde
2015 1823 2052 1862 a
2095 1803 2274 1862 nobis
2315 1816 2378 1862 25

377 1901 742 1961 donativum
786 1899 865 1961 ob
905 1901 1094 1960 fidem
1137 1923 1322 1982 quam
1365 1903 1443 1963 ab
1485 1903 1619 1963 aliis
1659 1923 1771 1982 pito
1810 1901 2083 1961 facinore
2125 1900 2288 1987 acci--

376 1996 595 2079 pietis.’
1293 2047 1304 2052 -

457 2101 552 2158 40.
624 2100 951 2180 Agebatur
979 2101 1100 2160 huc
1126 2101 1273 2160 illuc
1297 2100 1513 2174 Galba,
1534 2099 1706 2159 vario
1737 2098 1953 2158 turbae
1980 2098 2277 2157 fluctuan-

378 2196 458 2258 tis
513 2197 799 2277 impulsu,
850 2198 1175 2277 completis
1231 2199 1504 2277 undique
1561 2196 1828 2256 basilicis
1887 2215 1957 2254 ac
2011 2194 2276 2273 templis,

379 2295 626 2375 lugubri
671 2305 1033 2376 prospectu:
1085 2316 1285 2376 neque
1325 2295 1540 2375 populi
1583 2304 1689 2354 aut
1730 2293 1928 2373 plebis
1974 2292 2096 2351 ulla
2136 2311 2276 2363 vox,

380 2397 490 2456 sed
533 2397 785 2457 attoniti
828 2398 1034 2457 vultus
1078 2405 1141 2455 et
1184 2413 1515 2454 conversae
1559 2393 1635 2450 ad
1680 2391 1887 2451 omnia
1929 2409 2122 2461 aures,
2151 2408 2276 2448 non

379 2496 701 2567 tumultus,
723 2515 846 2555 non
876 2495 1065 2574 quies,
1090 2493 1268 2573 quale
1297 2490 1508 2569 magni
1536 2499 1737 2548 metus
1766 2497 1830 2546 et
1859 2504 2122 2564 magnae
2150 2485 2280 2543 irae

382 2591 694 2651 silentium
736 2602 846 2652 est.
932 2591 1168 2650 Othoni
1198 2600 1405 2649 tamen
1437 2585 1659 2645 armari
1689 2583 1929 2663 plebem
1960 2580 2280 2640 nuntiabae

382 2699 521 2749 tur:
562 2689 650 2748 ire
678 2689 1045 2768 praecipites
1075 2698 1138 2748 et
1167 2705 1466 2766 occupare
1497 2683 1764 2763 pericula
1791 2680 1991 2759 jubet.
2075 2677 2280 2756 Igitur

381 2787 611 2845 milites
653 2785 935 2857 Romani,
965 2785 1136 2865 quasi
1180 2784 1568 2863 Vologesum
1611 2790 1718 2839 aut
1759 2777 2067 2836 Pacorum
2110 2773 2278 2833 avito

383 2883 819 2943 Arsacidarum
850 2883 1003 2943 solio
1034 2880 1363 2960 depulsuri,
1384 2898 1455 2938 ac
1485 2897 1608 2937 non
1635 2876 2071 2954 imperatorem
2100 2890 2280 2929 suum

383 2981 680 3040 inermem
709 2990 773 3040 et
802 3000 1010 3040 senem
1048 2979 1359 3040 trucidare
1401 2976 1748 3057 pergerent,
1779 2973 2041 3052 disjecta
2082 2969 2280 3047 plebe,
2324 2980 2385 3027 10

383 3079 739 3158 proculcato
795 3087 1030 3148 senam,
1086 3087 1291 3137 truces
1349 3074 1550 3148 armis,
1598 3070 1798 3150 rapidi
1855 3067 2026 3146 equis
2080 3065 2278 3124 forum

385 3177 772 3255 irrumpunt:
827 3193 944 3233 nec
996 3174 1133 3233 illos
1177 3171 1469 3251 Capitolii
1526 3178 1808 3248 aspectus
1851 3174 1914 3224 et
1962 3162 2281 3222 imminen-

387 3272 543 3333 tium
583 3272 954 3350 templorum
995 3269 1229 3348 religi0‚
1260 3277 1323 3328 et
1365 3267 1599 3346 priores
1641 3275 1704 3324 et
1746 3261 1933 3322 futuri
1976 3259 2283 3339 principes

387 3379 658 3428 terruere
704 3388 825 3447 quo
881 3368 1085 3425 minus
1138 3364 1416 3424 facerent
1472 3363 1684 3433 sceIUS,
1735 3362 1912 3440 cujus
1970 3357 2134 3417 ultor
2189 3364 2284 3414 est

388 3466 661 3546 quisquis
705 3464 1014 3524 successit.
2329 3466 2389 3509 15

468 3564 563 3623 49.
633 3562 869 3624 Galbae
912 3579 1149 3638 corpus,
1180 3559 1286 3617 diu
1328 3557 1683 3637 neglectum
1726 3563 1789 3615 et
1830 3552 2084 3615 lieentia
2125 3562 2285 3612 tene-

2352 2497 2382 2542 ct
