2738 4048
733 284 1250 333 HISTORIARUM
1309 287 1530 333 LIBER
1591 289 1921 336 ernanus.
2196 272 2321 340 121

319 461 448 502 non
488 441 779 502 tolerent.
862 440 1052 516 Haec,
1085 451 1157 502 ut
1198 463 1471 523 quosque
1514 455 1882 519 accesserat3
1921 444 2098 524 plura
2138 449 2219 509 ad

321 539 642 611 tertianos‚
669 547 953 598 veterum
994 541 1458 619 recentiumque
1503 541 1859 615 admonens,
1891 550 1962 600 ut
1990 543 2103 602 sub
2133 543 2221 605 Μ.
2264 560 2326 606 10

320 635 605 696 Antonio
634 633 917 708 Parthos,
949 637 1061 695 sub
1093 637 1443 697 Corbulone
1472 637 1819 709 Armenios,
1848 658 2044 717 nuper
2087 641 2220 701 Sar-

320 742 520 792 matas
560 732 961 810 pepulissent.
1046 732 1199 792 Mox
1241 733 1541 792 infensius
1590 734 1998 811 praetorianis
2041 739 2218 799 ‘vos’

320 829 543 908 inquit,
572 835 587 864 ‘
606 828 725 887 nisi
754 828 1019 902 vincitis,
1051 830 1296 909 pagani,
1328 829 1463 907 quis
1493 829 1648 889 alius
1678 830 2030 910 imperator,
2061 855 2216 913 quae

322 935 525 985 castra
554 924 674 984 alia
702 925 1058 1003 excipient?
1127 925 1264 984 Illic
1292 925 1471 1003 signa
1500 945 1791 1007 armaque
1819 941 2025 989 vestra
2052 942 2216 1005 sunt,

323 1031 387 1082 et
414 1041 579 1081 mors
608 1021 817 1095 victis3
848 1042 991 1080 nam
1020 1021 1422 1100 ignominiam
1451 1025 1952 1103 consumpsistis.’
2020 1026 2217 1087 Undi-
2260 1044 2322 1088 15

322 1137 442 1198 que
484 1118 734 1191 clamor,
763 1128 827 1177 et
870 1119 1171 1177 orientem
1215 1118 1408 1177 solem
1443 1118 1562 1200 (ita
1600 1121 1666 1179 in
1698 1121 1876 1200 Syria
1914 1142 2049 1182 mos
2090 1127 2211 1203 est)

320 1213 577 1276 tertiani
620 1215 983 1274 salutavere.

402 1310 499 1371 25.
559 1311 779 1390 Vagus
820 1311 984 1383 inde,
1026 1329 1106 1369 an
1149 1311 1407 1372 consilio
1449 1313 1624 1373 ducis
1666 1314 1950 1375 subditus
1991 1335 2217 1391 rumor,

322 1408 643 1469 advenisse
668 1407 1048 1481 Mucianum,
1071 1409 1377 1469 exercitus
1399 1410 1663 1470 invicem
1683 1413 1996 1472 salutasse.
2072 1413 2220 1474 Gra-

322 1505 473 1565 dum
513 1505 790 1563 inferunt
832 1504 1003 1583 quasi
1060 1506 1412 1566 recentibus
1469 1507 1710 1567 auxiliis
1766 1509 1948 1582 aucti,
1989 1510 2217 1569 rariore

320 1603 452 1683 jam
491 1601 978 1661 Vitellianorum
1028 1601 1177 1676 acie,
1229 1612 1298 1662 ut
1342 1623 1495 1682 quos
1550 1605 1720 1664 nullo
1775 1614 2016 1664 rectore
2072 1626 2219 1666 suus

324 1717 628 1778 quemque
673 1697 941 1776 impetus
982 1700 1084 1758 vel
1124 1719 1318 1778 pavor
1360 1701 1753 1761 contraheret
1796 1701 2215 1763 diduceretve.
2293 1718 2323 1762 5

324 1794 673 1874 Postquam
695 1794 990 1872 impulsos
1019 1796 1210 1856 sensit
1237 1797 1567 1870 AntoniuS‚
1595 1797 1787 1857 denso
1830 1798 2074 1876 agmine
2117 1799 2219 1858 ob-

321 1892 650 1952 turbabat:
707 1890 941 1951 Laxati·
990 1893 1238 1953 ordines
1288 1894 1754 1972 abrumpuntur‚
1802 1913 1918 1953 nec
1973 1896 2217 1956 restitui

324 1989 577 2070 quivere
645 1988 1126 2069 impedientibus
1184 1989 1478 2049 vehiculis
1545 1991 2009 2071 tormentisque.
2094 1990 2220 2051 Per

322 2088 586 2148 limitem
606 2088 744 2148 viae
774 2097 1150 2167 sparguntur
1177 2087 1575 2147 festinatione
1605 2088 2002 2172 consectandi
2031 2089 2220 2148 victo-

322 2205 438 2244 res,
507 2185 603 2245 Eo
632 2185 963 2246 notabilior
991 2184 1208 2243 caedes
1235 2183 1375 2256 fuit,
1405 2183 1549 2263 quia
1577 2184 1737 2243 filius
1765 2194 2006 2263 patrem
2034 2185 2218 2246 inter·
2261 2201 2320 2244 10

324 2281 514 2341 fecit:
582 2302 711 2342 rem
783 2281 1156 2360 nominaque
1226 2291 1476 2340 auctore
1546 2280 1856 2360 Vipstano
1926 2281 2220 2342 Messalla

325 2379 587 2438 tradam.
641 2378 846 2438 Julius
875 2379 1239 2439 Mansuetus
1268 2398 1344 2436 ex
1376 2378 1693 2456 Hispania,
1722 2378 1959 2457 Rapaci
1989 2378 2219 2458 legioni

326 2475 595 2549 additus,
616 2475 929 2554 impubem
951 2477 1146 2536 filium
1178 2474 1348 2535 domi
1378 2475 1642 2553 liquerat
1666 2495 1680 2533 :
1708 2475 1760 2533 is
1788 2495 1933 2533 mox
1957 2475 2221 2549 adultuS,

325 2570 491 2630 inter
537 2571 912 2650 septimanos
958 2592 994 2631 a
1042 2573 1241 2632 Galba
1288 2571 1689 2648 conscriptuS‚
1731 2571 2009 2629 oblatum
2056 2570 2221 2630 forte

325 2676 570 2748 patrem
598 2679 664 2727 et
689 2669 944 2727 vulnere
974 2678 1256 2743 stratum,
1287 2670 1436 2728 dum
1467 2666 1865 2726 semianimen
1895 2674 2222 2739 scrutatur,
2265 2681 2327 2725 15

328 2763 577 2842 agnitus
627 2783 1086 2844 agnoscensque
1137 2774 1200 2824 et
1256 2783 1634 2844 exsanguem
1690 2764 2024 2842 amplexus,
2069 2781 2221 2822 voce

327 2859 517 2918 flebili
544 2861 912 2939 precabatur
937 2864 1213 2940 placatos
1241 2862 1435 2940 patris
1462 2879 1695 2933 maneS,
1719 2879 1873 2919 neve
1904 2879 1967 2919 se
1998 2868 2066 2918 ut
2095 2878 2226 2937 par-

327 2955 587 3015 ricidam
628 2961 1093 3017 aversarentur:
1136 2958 1450 3035 publicum
1492 2958 1558 3017 id
1599 2956 1877 3029 facinus3
1928 2964 1991 3014 et
2032 2974 2222 3013 unum

328 3052 593 3112 militem
650 3063 903 3132 quotam
959 3055 1231 3113 civilium
1288 3074 1595 3115 armorum
1648 3053 1939 3133 partem?
2029 3051 2224 3111 Simul

331 3149 614 3208 attollere
644 3169 882 3227 corpus,
915 3151 1148 3229 aperire
1189 3151 1466 3224 humum,
1497 3170 1785 3230 supremo
1828 3167 1976 3227 erga
2015 3167 2228 3227 paren-
2265 3162 2325 3207 20

331 3252 461 3302 tem
491 3245 689 3304 officio
730 3245 927 3324 fungi.
1007 3246 1359 3305 Advertere
1405 3247 1686 3325 proximi,
1715 3245 1944 3305 deinde
1984 3245 2225 3325 plures:

331 3338 475 3398 hinc
504 3359 613 3417 per
640 3360 885 3399 omnem
915 3342 1108 3400 aciem
1151 3341 1512 3401 miraculum
1541 3351 1606 3400 et
1635 3351 1886 3420 questus
1916 3350 1980 3401 et
2008 3340 2230 3400 saevis-

333 3434 470 3494 simi
497 3436 644 3494 belli
673 3437 1042 3496 exsecratio:
1072 3458 1186 3497 nec
1216 3458 1288 3497 eo
1319 3438 1567 3516 segnius
1595 3437 1988 3516 propinquos,
2011 3435 2227 3510 affinis,

331 3529 555 3590 fratres
578 3532 892 3594 trucidant
914 3535 1207 3613 spoliant3
1236 3534 1476 3594 factum
1504 3553 1635 3595 esse
1664 3535 1862 3596 scelus
1889 3535 2230 3615 loquuntur

333 3626 710 3708 faciuntque.
1331 3677 1364 3724 6
1692 3654 1698 3661 ·
2270 3642 2335 3689 25
