2738 4048
825 261 1215 310 EXCERPTA
1263 261 1492 309 VITAE
1536 261 1981 312 AGRIOOLAE.
2278 249 2404 315 151

397 420 643 482 offerre.
725 419 969 480 Passim
1013 437 1184 479 arma
1232 428 1296 478 et
1307 438 1605 529 corpora
1653 428 1718 478 et
1772 419 1956 478 laceri
2014 429 2182 481 artus
2239 431 2304 483 et

397 526 658 577 cruenta
683 517 943 589 humus3
972 526 1035 575 et
1064 483 1398 593 aliquando
1427 516 1616 575 etiam
1640 515 1821 574 victis
1849 515 1941 574 ira
1962 516 2301 599 virtusque.

401 617 747 693 Postquam
785 613 958 672 silvis
988 631 1526 691 appropinquavel
1530 622 1659 684 unt
1703 614 1737 683 †
1760 612 1912 671 item
1955 614 2187 692 primos
2215 637 2303 676 se-

399 710 721 789 quentium
761 710 1043 769 incautos
1085 708 1329 767 collecti
1380 719 1443 768 et
1491 710 1770 768 locorum
1819 711 1998 789 gnari
2048 714 2302 774 circum-

397 807 752 868 veniebant.
839 805 1024 876 Quod
1053 803 1117 863 ni
1146 804 1438 883 frequens
1466 805 1694 884 ubique
1727 806 2022 886 Agricola
2063 811 2300 870 validas

352 926 359 934 ·
399 914 462 964 et
492 903 814 982 expeditas
842 903 1129 962 cohortes
1156 900 1467 979 indaginis
1496 902 1705 976 modo,
1736 915 1800 964 et
1839 906 2034 965 sicubi
2074 908 2303 967 artiora

399 1009 594 1073 erant,
636 1009 876 1078 partem
921 998 1200 1077 equitum
1242 998 1511 1058 dimissis
1569 1001 1758 1081 equiS,
1800 1002 1982 1062 simul
2037 1005 2300 1064 rariores

398 1099 581 1157 silvas
622 1096 893 1175 equitem
935 1095 1276 1174 persultare
1323 1096 1629 1174 jussisset,
1672 1109 1996 1178 acceptum
2049 1101 2299 1182 aliquod

396 1194 621 1252 vulnus
649 1213 762 1271 per
791 1192 1042 1251 nimiam
1071 1191 1364 1252 fiduciam
1393 1194 1574 1254 foret.
1659 1195 1951 1255 Ceterum
1992 1197 2098 1256 ubi
2142 1217 2301 1257 com-

396 1290 632 1369 positos
672 1288 865 1348 firmis
906 1287 1228 1348 ordinibus
1271 1291 1444 1371 sequi
1486 1311 1690 1351 rursus
1720 1292 1950 1365 videre,
1979 1292 2042 1351 in
2084 1293 2299 1372 fugam

396 1387 582 1460 versi,
612 1406 736 1447 non
767 1385 1134 1465 agminibus,
1166 1397 1237 1447 ut
1264 1389 1453 1466 prius,
1485 1409 1597 1449 nec
1640 1389 1795 1448 alius
1836 1390 2021 1448 alium
2064 1410 2301 1469 respec-

395 1494 622 1558 tanteS,
649 1484 772 1543 rari
801 1492 865 1543 et
895 1483 1224 1544 vitabundi
1267 1485 1537 1545 invicem
1578 1486 1915 1565 longinqua
1943 1496 2128 1565 atque
2160 1486 2300 1547 avia

396 1582 656 1662 petiere.
739 1579 914 1641 Finis
958 1582 1258 1661 sequendi
1302 1603 1426 1642 nox
1474 1594 1538 1643 et
1582 1583 1836 1643 satietas
1884 1583 2020 1642 fuit.
2105 1583 2298 1643 Caesa

396 1679 670 1740 hostium
698 1679 778 1739 ad
809 1679 1024 1740 decem
1053 1680 1262 1740 milia:
1295 1691 1650 1740 nostrorum
1680 1680 1945 1739 trecenti
1975 1681 2301 1760 sexaginta

396 1777 690 1851 cecidere,
737 1777 802 1836 in
861 1777 998 1857 quis
1046 1778 1247 1839 Aulus
1296 1778 1549 1836 Atticus
1604 1777 1955 1855 praefectus
2002 1777 2296 1852 cohortis,

385 1875 652 1956 juvenili
683 1875 905 1936 ardore
935 1885 1000 1935 et
1026 1875 1257 1934 ferocia
1286 1874 1428 1953 equi
1456 1874 1736 1932 hostibus
1764 1873 1992 1933 illatus,

478 1977 571 2036 38.
633 1974 718 2037 Et
746 1995 872 2036 nox
900 1973 1150 2055 quidem
1188 1972 1418 2052 gaudio
1459 1971 1807 2050 praedaque
1850 1972 2014 2032 laeta
2051 1971 2301 2034 victori-

396 2073 544 2134 bus:
575 2074 862 2134 Britanni
893 2075 1174 2153 palantes
1201 2071 1522 2149 mixtoque
1546 2069 1819 2128 virorum
1847 2069 2297 2148 mulierumque

395 2171 643 2250 ploratu
691 2173 935 2233 trahere
988 2171 1362 2242 vulneratos,
1407 2186 1627 2227 vocare
1681 2167 1974 2245 integrOS,
2016 2168 2298 2226 deserere

398 2270 615 2330 domos
646 2290 716 2330 ac
744 2291 857 2350 per
895 2270 1049 2330 iram
1079 2269 1244 2328 ultro
1273 2266 1626 2337 incendere,
1656 2264 1882 2343 eligere
1925 2263 2191 2324 latebras
2233 2273 2299 2324 et

397 2368 607 2427 statim
648 2367 1039 2447 relinquere3
1094 2366 1351 2426 miscere
1393 2362 1663 2421 invicem
1707 2361 1962 2421 consilia
2006 2362 2299 2442 [aliqua],

399 2464 625 2523 deinde
668 2484 986 2543 separare;
1044 2462 1378 2542 aliquando
1433 2459 1633 2537 frangi
1676 2469 1930 2536 aspectu
1971 2459 2300 2537 pignorum

397 2581 667 2634 suorum,
698 2562 943 2641 saepius
974 2560 1311 2621 concitari:
1355 2556 1625 2635 satisque
1668 2555 1990 2614 constabat
2032 2555 2298 2614 saevisse

399 2658 700 2737 quosdam
729 2658 791 2717 in
824 2660 1122 2738 conjuges
1153 2676 1223 2716 ac
1254 2657 1500 2727 liberos,
1522 2663 1814 2731 tanquam
1838 2650 2296 2709 misererentur.

398 2755 731 2816 Proximus
762 2755 894 2815 dies
922 2755 1145 2814 faciem
1177 2753 1478 2814 victoriae
1521 2750 1706 2810 latius
1737 2748 2010 2827 aperuit:
2053 2757 2298 2807 vastum

398 2852 625 2931 ubique
656 2851 992 2923 silentium,
1024 2851 1252 2911 deserti
1284 2851 1488 2922 colles,
1518 2846 1819 2908 fumantia
1859 2845 2073 2925 procul
2116 2852 2301 2918 tecta,

397 2969 581 3008 nemo
603 2948 1097 3027 exploratoribus
1121 2948 1359 3007 obvius.
1420 2947 1660 3019 Quibus
1687 2946 1748 3004 in
1783 2962 2028 3003 omnem
2058 2953 2299 3021 partem

2344 438 2407 485 15

2342 923 2407 969 20

2338 1405 2403 1450 25

2339 1890 2403 1936 30

2345 2860 2403 2905 10

399 3046 687 3119 dimissis,
718 3045 824 3104 ubi
863 3045 1100 3104 incerta
1133 3045 1314 3123 fugae
1345 3043 1611 3122 vestigia
1640 3061 1840 3121 neque
1872 3057 2129 3117 usquam
2159 3058 2300 3096 con·
2379 3057 2383 3062 ·

397 3143 636 3221 globari
704 3143 912 3201 hostes
974 3152 1359 3219 compertum
1424 3143 1517 3215 (et
1586 3149 1805 3197 exacta
1863 3138 1996 3217 jam
2066 3143 2298 3194 aestate

398 3238 601 3317 spargi
633 3239 866 3298 bellum
891 3238 1241 3316 nequibat),
1265 3236 1327 3294 in
1357 3236 1499 3295 finis
1523 3235 1927 3294 Borestorum
1958 3232 2300 3292 exercitum

397 3335 673 3395 deducit.

480 3433 575 3491 44.
630 3432 834 3492 Natus
878 3441 1011 3491 erat
1048 3430 1347 3510 Agricola
1378 3429 1529 3489 Caio
1561 3428 1821 3488 Caesare
1864 3428 2119 3487 tertium
2162 3447 2302 3487 con-

399 3528 533 3587 sule
581 3527 788 3588 idibus
832 3528 1072 3588 Juniis:
1128 3526 1394 3586 excessit
1443 3535 1620 3585 sexto
1676 3534 1741 3585 et
1786 3524 2300 3605 quinquagesimo

2344 3344 2405 3389 15
