2738 4048
847 284 1367 333 mstronmmm
1410 286 1633 333 LIBER.
1677 286 2011 334 manus.
2320 271 2446 337 135

438 447 597 517 sent,
623 441 863 503 facilius
898 442 1106 502 omnia
1148 453 1568 503 conventura:
1610 436 1882 522 virgines
1925 463 2065 503 cum
2104 444 2340 505 honore

438 539 765 612 dimissae3
806 538 1070 599 Vitellio
1098 538 1467 617 rescriptum
1499 539 1712 598 Sabini
1741 539 1929 599 caede
1959 549 2023 600 et
2051 540 2341 601 incendio

439 634 732 714 Capitolii
761 634 1072 713 dirempta
1099 635 1243 693 belli
1272 636 1657 695 commercia.

518 733 610 790 82.
667 730 966 790 Tentavit
1003 741 1213 791 tamen
1241 731 1559 790 Antonius
1588 742 1841 792 vocatas
1870 733 1950 791 ad
1981 733 2340 793 concionem

437 828 712 906 legiones
758 826 1064 905 mitigare,
1114 838 1184 887 ut
1229 828 1444 888 castris
1500 831 1682 909 juxta
1729 839 1983 907 pontem
2030 830 2341 890 Mulvium

434 923 653 1002 positis
681 932 929 1001 postera
955 923 1058 982 die
1087 924 1302 983 urbem
1344 924 1839 1003 ingrederentur.
1925 926 2112 986 Ratio
2156 945 2335 986 cunc-

433 1019 629 1092 tandi,
659 1039 737 1077 ne
766 1031 1085 1097 asperatus
1116 1021 1347 1099 proelio
1376 1021 1553 1079 miles
1582 1042 1707 1080 non
1736 1022 1989 1100 popu10,
2014 1044 2137 1082 non
2167 1042 2338 1082 sena-

432 1115 545 1188 tui,
573 1135 651 1174 ne
680 1116 929 1193 templis
959 1116 1210 1194 quidem
1238 1137 1310 1177 ac
1339 1117 1613 1177 delubris
1643 1119 1902 1177 deorum
1944 1120 2293 1180 consuleret
2317 1139 2334 1194 3
2410 1135 2442 1180 5

433 1212 539 1270 sed
570 1231 819 1271 omnem
847 1212 1259 1290 prolationem
1301 1223 1373 1273 ut
1413 1213 1729 1283 inimicam
1759 1213 2053 1273 victoriae
2097 1235 2337 1293 suspec-

431 1306 688 1381 tabant3
746 1307 927 1366 simul
968 1308 1276 1386 fulgentia
1315 1328 1427 1387 per
1470 1309 1655 1368 colles
1698 1310 1942 1382 vexilla,
1986 1329 2337 1389 quanquam

433 1404 696 1462 imbellis
724 1404 987 1482 populus
1024 1413 1402 1483 sequeretur,
1435 1405 1703 1483 speciem
1746 1405 1986 1465 hostilis
2028 1407 2335 1467 exercitus

431 1501 729 1560 fecerant.
785 1500 1128 1578 Tripartito
1152 1501 1416 1579 agmine,
1439 1519 1580 1580 pars
1605 1512 1674 1561 ut
1698 1502 1998 1575 astiterat,
2026 1502 2335 1563 Flaminia

432 1600 550 1672 via,
580 1618 724 1676 pars
763 1598 941 1676 juxta
969 1598 1164 1676 ripam
1195 1598 1439 1657 Tiberis
1480 1593 1769 1673 incessit3
1813 1599 2070 1658 tertium
2112 1618 2335 1677 agmen
2379 1616 2438 1661 10

431 1716 542 1775 per
601 1696 897 1755 Salariam
956 1696 1232 1756 Collinae
1290 1707 1508 1774 portae
1567 1696 2038 1775 propinquabat.
2140 1696 2328 1757 Plebs

430 1793 689 1852 invectis
721 1793 1031 1873 equitibus
1059 1793 1230 1861 fusa3
1272 1793 1447 1851 miles
1477 1792 1854 1852 Vitellianus
1895 1793 2074 1853 trinis
2104 1802 2167 1853 et
2195 1793 2327 1873 ipse

430 1890 750 1969 praesidiis
779 1890 1062 1950 occurrit.
1119 1890 1368 1950 Proelia
1398 1899 1541 1950 ante
1573 1891 1789 1950 urbem
1818 1892 2016 1950 multa
2043 1901 2107 1951 et
2136 1891 2348 1973 varia,-

430 1990 537 2050 sed
597 1989 911 2049 Flavianis
968 1989 1225 2051 consilio
1283 1990 1512 2050 ducum
1568 1990 2026 2070 praestantibus
2079 1990 2323 2071 saepius

430 2110 741 2169 prospera.
825 2088 882 2148 Ii
928 2098 1174 2149 tantum
1225 2088 1564 2149 conflictati
1610 2098 1772 2163 sunt,
1818 2089 1924 2168 qui
1978 2088 2042 2147 in
2088 2099 2330 2168 partem
2374 2103 2436 2151 15

428 2187 738 2246 sinistram
772 2186 939 2245 urbis
982 2186 1061 2245 ad
1098 2187 1505 2246 Sallustianos
1547 2188 1760 2246 hortos
1802 2206 1916 2265 per
1958 2196 2221 2266 angust-a
2263 2196 2328 2247 et

425 2286 662 2346 lubrica
689 2286 932 2345 viarum
960 2285 1282 2345 flexerant.
1340 2284 1778 2364 Superstantes
1805 2285 2089 2345 maceriis
2118 2286 2328 2345 horto-

427 2402 566 2441 rum
609 2382 936 2442 Vitelliani
986 2382 1067 2441 ad
1115 2401 1320 2441 serum
1376 2400 1569 2460 usque
1627 2381 1792 2439 diem
1848 2381 2010 2441 saxis
2066 2382 2326 2461 pilisque

427 2479 760 2539 subeuntes
798 2479 1108 2551 arcebant,
1141 2479 1341 2537 donec
1371 2477 1447 2535 ab
1479 2477 1804 2556 equitibus,
1835 2478 1941 2555 qui
1983 2488 2164 2556 porta
2194 2478 2330 2537 C'ol-

426 2577 552 2636 lina
592 2576 961 2655 irruperant,
1004 2573 1616 2635 circumvenirentur.
1705 2573 2088 2632 Concurrere
2147 2584 2211 2633 et
2264 2574 2329 2633 in
2371 2588 2433 2633 20

428 2694 643 2754 campo
675 2674 904 2733 Martio
934 2672 1197 2732 infestae
1226 2671 1407 2731 acies.
1478 2670 1604 2729 Pro
1635 2669 1951 2729 Flavianis
1980 2669 2233 2729 fortuna
2262 2679 2327 2730 et

424 2781 605 2849 parta
659 2770 891 2831 totiens
943 2768 1242 2829 victoria:
1312 2766 1642 2828 Vitelliani
1699 2767 2127 2845 desperatione
2197 2769 2328 2826 sola

423 2867 723 2939 ruebant3
764 2875 829 2925 et
858 2883 1210 2945 quanquam
1237 2863 1420 2942 pulsi,
1449 2882 1659 2923 rursus
1698 2861 1763 2921 in
1800 2862 1950 2921 urbe
1995 2881 2326 2941 congrega-

422 2963 669 3023 bantur.
1726 3011 1732 3016 .
2095 3039 2101 3045 .

506 3060 601 3119 83.
656 3059 901 3119 Aderat
928 3058 1350 3138 pugnantibus
1380 3065 1691 3136 spectator
1718 3056 2000 3135 populus,
2031 3064 2223 3134 utque
2252 3055 2318 3114 in

423 3156 661 3216 ludicro
703 3157 1054 3227 certamine,
1090 3155 1222 3227 hos,
1257 3174 1468 3214 rursus
1510 3154 1647 3212 illos
1691 3153 1955 3212 clamore
1999 3160 2063 3211 et
2103 3152 2323 3230 plausu

422 3252 696 3313 fovebat.
782 3253 1084 3323 Quotiens
1125 3271 1267 3330 pars
1310 3251 1505 3310 altera
1545 3249 1920 3322 inclinasset,
1967 3248 2212 3330 abditos
2254 3248 2320 3308 in

422 3350 697 3409 tabernis
727 3359 835 3409 aut
863 3349 913 3408 si
943 3368 1126 3427 quam
1156 3347 1218 3407 in
1250 3348 1503 3407 domum
1533 3346 1953 3425 perfugerant,
1983 3345 2115 3404 erui
2142 3346 2324 3425 jugu-

422 3447 655 3525 larique
691 3433 1158 3523 expostulantes
1199 3454 1376 3522 parte
1419 3444 1653 3522 majore
1696 3443 1962 3519 praedae
2006 3442 2321 3521 potieban-
2397 3456 2426 3499 5

422 3551 566 3602 tur:
636 3561 780 3602 nam
835 3541 1031 3601 milite
1087 3541 1166 3600 ad
1223 3539 1588 3620 sanguinem
1645 3547 1709 3598 et
1765 3540 1985 3599 caedes
2041 3538 2320 3614 obversQ
