2738 4048
408 157 495 221 48
1052 179 1443 228 ExonRPTA
1487 177 1913 227 TAGrrIANA,

510 334 892 415 legionibus:
948 356 1094 396 nam
1145 336 1347 397 isdem
1402 337 1655 398 aestivis
1708 337 1776 397 in
1829 336 2058 397 finibus
2100 335 2415 399 Ubiorum

509 433 897 494 habebantur
922 454 1035 513 per
1063 434 1261 495 otium
1290 444 1399 494 aut
1432 435 1597 493 levia
1633 434 1863 494 munia.
1947 434 2153 514 Igitur
2194 435 2413 494 audito

403 545 464 589 15
505 530 628 588 fine
658 531 951 610 Augusti,
980 531 1314 591 vernacula
1341 532 1700 604 multitudO,
1729 550 1929 610 nuper
1970 542 2109 591 acto
2150 531 2216 590 in
2257 532 2413 590 urbe

511 628 763 701 dilectu,
811 627 1099 687 lasciviae
1155 637 1351 702 sueta,
1407 629 1689 687 laborum
1741 628 2101 702 intolerans,
2150 628 2411 706 implere

510 734 858 784 ceterorum
885 725 1069 784 rudes
1098 725 1367 784 animos:
1409 725 1652 784 venisse
1689 734 1938 803 tempus
1978 745 2099 804 quo
2128 725 2411 784 veterani

508 831 816 883 maturam
853 821 1227 894 missionem,
1253 823 1516 901 juvenes
1545 821 1812 900 largiora
1840 821 2169 900 stipendia,
2198 822 2412 881 cuncti

507 919 764 977 modum
790 918 1175 978 miseriarum
1213 928 1622 997 exposcerent
1661 918 2103 998 saevitiamque
2146 918 2412 978 centuri-

400 1029 464 1075 20
508 1035 698 1074 onum
739 1016 1203 1075 ulciscerentur.
1285 1015 1434 1075 Non
1477 1034 1635 1074 unus
1683 1015 1857 1088 haec,
1899 1024 1970 1074 ut
2013 1014 2411 1075 Pannonicas

507 1111 674 1171 inter
714 1112 990 1191 legiones
1026 1112 1428 1186 PercenniuS,
1457 1132 1573 1171 nec
1614 1112 1780 1190 apud
1821 1112 2097 1190 trepidas
2137 1111 2410 1171 militum

508 1228 705 1284 aureS‚
725 1209 878 1270 alios
899 1210 1231 1270 validiores
1254 1209 1564 1269 exercitus
1582 1209 2063 1288 respicientium,
2082 1208 2193 1268 sed
2209 1209 2410 1269 multa

506 1306 831 1366 seditionis
872 1310 982 1366 ora
1021 1326 1360 1386 vocesque:
1403 1326 1514 1366 sua
1553 1306 1619 1365 in
1660 1325 1849 1365 manu
1888 1305 2071 1365 sitam
2111 1325 2242 1365 rem
2282 1305 2409 1366 Ro-

506 1423 772 1476 manam,
822 1403 946 1463 suis
988 1403 1266 1464 victoriis
1323 1403 1538 1483 augeri
1591 1403 2058 1482 rempublicam,
2106 1402 2172 1463 in
2225 1423 2407 1464 suum

398 1513 463 1560 25
506 1510 987 1579 cognomentum
1016 1501 1276 1560 adscisci
1303 1501 1731 1579 imperatores.

587 1598 682 1656 32.
765 1597 904 1657 Nec
943 1598 1185 1677 legatus
1226 1597 1474 1657 obviam
1514 1597 1682 1656 ibat:
1726 1596 1953 1676 quippe
1994 1596 2262 1676 plurium
2304 1617 2408 1657 ve-

506 1694 719 1754 cordia
761 1695 1172 1755 constantiam
1215 1702 1547 1754 exemerat.
1629 1693 1914 1772 Repente
1958 1694 2265 1773 lymphati
2304 1693 2407 1753 de-

505 1791 733 1852 strictis
760 1793 984 1871 gladiis
1013 1792 1076 1851 in
1106 1793 1497 1852 centuriones
1524 1791 1829 1850 invadunt
1858 1792 1959 1871 (ea
1987 1791 2405 1851 vetustissima

505 1887 871 1949 militaribus
928 1889 1085 1948 odiis
1138 1889 1427 1949 materies
1493 1897 1557 1948 et
1619 1888 1935 1948 saeviendi
1990 1888 2404 1968 principium),

397 1999 429 2045 5
502 1994 844 2065 prostratos
893 1986 1250 2046 verberibus
1306 1987 1601 2061 mulcant,
1653 1985 1944 2067 sexageni
1996 1985 2287 2066 singulos,
2333 1997 2407 2047 ut

505 2102 834 2141 numerum
883 2084 1315 2143 centurionum
1373 2085 1825 2163 adaequarent:
1883 2092 2021 2142 tum
2076 2084 2406 2144 convulsos

504 2179 891 2259 laniatosque
921 2190 986 2241 et
1011 2180 1239 2260 partim
1269 2181 1586 2241 exanimos
1618 2192 1761 2242 ante
1789 2182 2020 2240 vallum
2052 2190 2158 2240 aut
2186 2181 2249 2240 in
2282 2200 2407 2240 arn-

505 2295 649 2336 nem
671 2276 961 2337 Rhenum
984 2278 1332 2357 projiciunt.
1393 2278 1729 2357 Septimius
1758 2299 1899 2338 cum
1925 2278 2294 2357 perfugisset
2323 2278 2406 2338 ad

507 2374 780 2433 tribunal
822 2375 1202 2455 pedibusque
1247 2375 1548 2434 Caecinae
1592 2376 2049 2449 advolveretur,
2092 2394 2166 2434 eo
2208 2395 2405 2454 usque

400 2485 461 2530 10
502 2470 821 2551 flagitatus
870 2482 981 2547 est,
1031 2472 1230 2532 donec
1278 2472 1357 2531 ad
1409 2472 1668 2531 exitium
1720 2472 2067 2532 dederetur.
2154 2472 2405 2533 Cassius

507 2568 801 2643 Chaerea,
829 2590 976 2629 mox
1019 2570 1206 2629 caede
1238 2569 1351 2630 Cai
1382 2569 1661 2631 Caesaris
1687 2569 2049 2628 memoriam
2078 2569 2242 2647 apud
2270 2588 2408 2648 pos-

503 2674 670 2727 teros
725 2666 1002 2745 adethS‚
1043 2676 1179 2726 tum
1235 2666 1588 2726 adolescens
1645 2676 1709 2727 et
1764 2666 1952 2725 animi
2005 2666 2195 2739 ferox,
2240 2666 2406 2725 inter

506 2764 824 2824 obstantes
871 2774 934 2824 et
980 2772 1248 2824 armatos
1293 2763 1459 2824 ferro
1503 2763 1667 2823 viam
1714 2764 2026 2842 patefecit.
2107 2763 2256 2824 Non
2298 2763 2407 2822 tri-

489 2861 705 2920 ‘bunus
748 2862 928 2934 ultra,
975 2880 1099 2920 non
1157 2870 1500 2920 castrorum
1543 2861 1891 2939 praefectus
1937 2861 2043 2940 jus
2098 2860 2404 2920 obtinuit:

399 2971 459 3015 15
501 2957 762 3036 vigilias,
787 2958 1100 3031 stationeS,
1124 2966 1187 3017 et
1216 2957 1267 3016 si
1296 2978 1417 3037 qua
1439 2958 1558 3016 alia
1578 2976 1867 3037 praesens
1895 2978 2039 3017 usus
2069 2957 2399 3030 indixerat,

504 3052 619 3132 ipsi
661 3054 1104 3132 partiebantur.
1191 3052 1268 3112 Id
1309 3054 1606 3113 militares
1650 3054 1886 3114 animos
1928 3054 2112 3113 altius
2168 3054 2406 3131 conjec-

503 3150 780 3211 tantibus
802 3151 1200 3230 praecipuum
1229 3151 1526 3211 indicium
1549 3151 1760 3231 magni
1784 3159 1968 3230 atque
1997 3150 2403 3229 implacabilis

503 3258 725 3321 motu&
748 3249 911 3327 quod
943 3268 1143 3328 neque
1172 3248 1417 3326 disjecti
1445 3268 1559 3307 nec
1585 3267 1922 3327 paucorum
1952 3248 2268 3320 instinctu,
2289 3246 2402 3306 sed

502 3344 737 3423 pariter
778 3345 1189 3418 ardescerent,
1225 3345 1461 3423 pariter
1502 3345 1774 3419 silerent,
1808 3354 1986 3404 tanta
2027 3344 2402 3423 aequalitate

397 3454 460 3499 20
502 3449 568 3500 et
596 3442 961 3515 constantia,
991 3450 1063 3501 ut
1091 3442 1223 3520 regi
1252 3441 1553 3501 crederes.
