2738 4048
794 260 1186 312 nxcmsr‘rA
1229 262 1458 312 VITAE
1501 260 1943 312 AGRICOLAE.
2238 250 2365 315 143

605 611 1122 679 EXCERPTA
1183 613 1481 680 VITAE
1540 613 2120 680 AGRICOLAE.

438 816 494 875 2.
563 813 874 894 Legimus,
906 833 1047 873 cum
1075 812 1356 872 Aruleno
1392 811 1650 872 Rustico
1690 811 1924 874 Paetus
1965 813 2257 888 Thrasea,

357 911 677 971 Herennio
717 909 1044 971 Senecioni
1084 907 1337 969 Priscus
1380 909 1713 969 Helvidius
1752 910 1992 970 laudati
2033 920 2257 984 essent,

356 1009 618 1088 capitale
646 1008 879 1083 fuisse3
920 1025 1122 1086 neque
1164 1006 1228 1065 in
1272 1006 1438 1085 ipsos
1481 1005 1668 1066 modo
1712 1017 1997 1066 auctores
2037 1008 2148 1067 sed
2189 1007 2256 1066 in

354 1105 542 1166 libros
598 1124 839 1185 quoque
896 1123 1110 1163 eorum
1178 1103 1504 1175 saevitum,
1560 1102 1847 1181 delegato
1917 1103 2256 1164 triumviris

354 1202 712 1276 ministerio,
741 1211 812 1262 ut
839 1209 1244 1261 monumenta
1273 1199 1751 1259 clarissimorum
1776 1199 2166 1278 ingeniorum
2192 1201 2257 1261 in

355 1298 606 1359 comitio
656 1318 726 1358 ac
773 1298 912 1358 foro
963 1306 1304 1357 urerentur.
1395 1296 1646 1355 Scilicet
1692 1295 1799 1356 illo
1848 1295 1993 1375 igne
2037 1315 2257 1356 vocem

354 1396 570 1476 populi
611 1394 881 1456 Romani
923 1404 987 1455 et
1027 1395 1383 1454 libertatem
1426 1401 1675 1453 senatus
1711 1401 1777 1452 et
1814 1392 2256 1454 conscientiam

353 1492 598 1572 generis
625 1491 878 1550 humani
922 1491 1151 1550 aboleri
1180 1489 1661 1563 arbitrabantur,
1692 1488 1963 1568 expulsis
2006 1489 2257 1568 insuper

354 1589 689 1668 sapientiae
717 1588 1165 1668 professoribus
1208 1597 1394 1668 atque
1437 1587 1608 1647 omni
1647 1586 1813 1646 bona
1854 1597 1987 1647 arte
2028 1586 2092 1645 in
2135 1587 2257 1646 exi-

353 1685 505 1744 lium
534 1696 689 1760 acta,
713 1705 789 1746 ne
820 1686 968 1765 quid
999 1706 1257 1765 usquam
1287 1687 1616 1745 honestum
1641 1694 2011 1745 occurreret.
2067 1684 2257 1745 Dedi-

353 1802 491 1842 mus
518 1782 797 1861 profecto
826 1784 1060 1863 grande
1089 1783 1428 1861 patientiae
1460 1783 1945 1856 documentum3
1988 1790 2052 1842 et
2093 1782 2254 1843 sicut

353 1888 532 1938 vetus
577 1888 744 1938 aetas
784 1880 944 1940 vidit
987 1879 1138 1962 quid
1178 1879 1464 1941 ultimum
1508 1879 1572 1938 in
1611 1880 1901 1939 libertate
1946 1889 2123 1953 esset,
2168 1880 2257 1939 ita

352 1994 465 2035 nos
494 1974 642 2055 quid
670 1975 734 2035 in
764 1976 1084 2051 servitute,
1116 1977 1409 2057 adempto
1448 1997 1559 2057 per
1594 1977 2027 2059 inquisitiones
2067 1978 2257 2039 etiam

351 2071 645 2151 loquendi
687 2073 1100 2152 audiendique
1142 2075 1548 2134 commercio:
1604 2076 1967 2137 memoriam
2009 2094 2253 2156 quoque

350 2168 548 2247 ipsam
575 2189 714 2229 cum
756 2190 908 2230 voce
949 2171 1452 2250 perdidissemuS,
1484 2173 1534 2234 si
1563 2183 1695 2235 tam
1723 2175 1788 2235 in
1818 2183 2029 2235 nostra
2055 2184 2256 2255 potes-

350 2273 482 2325 tate
511 2274 672 2325 esset
701 2266 981 2327 oblivisci
1009 2287 1194 2346 quam
1222 2279 1451 2330 tacere.

432 2363 486 2421 3.
542 2361 730 2421 Nunc
759 2363 1008 2423 demum
1038 2366 1199 2425 redit
1230 2369 1505 2427 animus:
1535 2367 1645 2428 sed
1667 2387 2018 2448 quanquam
2047 2368 2250 2448 primo

349 2458 563 2519 statim
603 2459 941 2520 beatissimi
982 2462 1211 2522 saeculi
1253 2473 1397 2524 ortu
1440 2463 1654 2524 Nerva
1698 2465 1924 2525 Caesar
1964 2486 2062 2525 res
2103 2465 2253 2525 olim

349 2553 767 2616 dissociabiles
785 2557 1119 2631 miscuerit,
1138 2559 1564 2639 principatum
1587 2580 1657 2619 ac
1679 2561 2049 2633 libertatem,
2074 2579 2254 2639 auge·

350 2660 536 2729 atque
566 2653 843 2734 quotidie
884 2654 1254 2716 felicitatem
1295 2666 1652 2735 temporum
1680 2656 1896 2716 Nerva
1926 2656 2250 2736 Trajanus,

348 2766 463 2806 nec
491 2759 664 2826 spem
693 2750 881 2811 modo
921 2771 991 2812 ac
1019 2761 1237 2813 votum
1280 2753 1579 2838 securitas
1619 2753 1883 2832 publica,
1912 2752 2020 2812 sed
2062 2751 2252 2830 ipsius

348 2844 482 2903 voti
514 2844 807 2906 fiduciam
837 2867 907 2907 ac
936 2849 1124 2908 robur
1166 2850 1542 2924 assumserit,
1572 2858 1797 2909 natura
1836 2858 2046 2910 tamen
2088 2848 2253 2907 infir-

348 2940 584 3000 mitatis
613 2943 917 3004 humanae
947 2946 1223 3006 tardiora
1250 2956 1397 3006 sunt
1425 2947 1700 3006 remedia
1727 2966 1913 3025 quam
1956 2945 2152 3018 mala3
2187 2953 2251 3003 et

348 3045 419 3096 ut
459 3056 717 3117 corpora
757 3052 971 3100 nostra
1011 3043 1178 3103 lente
1222 3053 1582 3123 augescunt,
1612 3043 1736 3102 cito
1780 3042 2248 3121 extinguuntur,

348 3132 436 3191 sic
464 3133 713 3212 ingenia
741 3137 1069 3217 studiaque
1099 3139 1476 3217 oppresseris
1516 3139 1758 3197 facilius
1788 3158 1973 3217 quam
2001 3156 2247 3196 revoca?

2298 1700 2362 1746 10

2297 2188 2358 2233 15

347 3229 545 3288 veris:
603 3233 769 3293 subit
811 3234 1040 3313 quippe
1083 3236 1270 3294 etiam
1309 3235 1501 3315 ipsius
1548 3234 1810 3295 inertiae
1855 3233 2138 3307 dulcedo,
2183 3241 2247 3292 et
2290 3246 2349 3291 10

346 3323 548 3385 invisa
575 3329 777 3406 primo
807 3331 1047 3391 desidia
1080 3343 1397 3409 postremo
1439 3342 1697 3391 amatur.
1785 3329 1951 3401 Quid
1972 3330 2001 3388 ?
2042 3330 2093 3388 si
2133 3348 2248 3408 per

349 3421 707 3499 quindecim
748 3445 962 3500 annos,
990 3428 1227 3506 grande
1256 3427 1538 3496 mortalis
1568 3425 1704 3486 aevi
1745 3426 2034 3505 spatium,
2063 3424 2249 3485 multi

346 3515 625 3582 fortuitis
661 3522 923 3597 casibus,
951 3524 1449 3603 promptissimus
1491 3524 1746 3605 quisque
1787 3522 2047 3584 saevitia
2088 3521 2251 3602 prin-

2368 2315 2396 2334 p
