2738 4048
772 281 1296 330 ΗΙΒΤΟΒῙΑΒΠΜ
1339 281 1564 328 mmm
1610 281 2017 331 SECUNDUS.
2295 265 2377 331 91

370 440 754 522 Sanguinem
783 460 923 501 arae
954 439 1277 499 offundere
1307 439 1611 499 vetitum:
1654 441 1976 519 praecibus
2020 448 2084 500 et
2125 440 2271 521 igne

369 558 523 616 puro
575 539 795 598 altaria
840 537 1188 609 adolentur,
1231 556 1346 596 nec
1389 536 1530 595 ullis
1572 536 1874 597 imbribus
1917 557 2270 618 quanquam

368 635 433 693 in
487 646 699 714 aperto
749 635 1129 694 madescunt.
1214 633 1629 693 Simulacrum
1678 635 1831 693 deae
1888 655 2013 695 non
2072 637 2271 715 effigie

368 732 654 804 humana,
685 733 1013 792 continuus
1044 729 1208 790 orbis
1237 731 1459 790 latiore
1489 730 1667 790 initio
1704 741 1957 792 tenuem
1988 732 2054 792 in
2086 733 2272 792 ambi·
2314 748 2375 794 15

368 840 505 888 tum
534 840 736 888 metae
766 829 954 887 modo
985 847 1335 905 exsurgens,
1365 827 1476 886 sed
1505 829 1665 887 ratio
1695 828 1759 887 in
1793 830 2072 890 obscur0.

448 926 504 984 4.
559 926 757 999 Titus,
778 934 1056 1003 spectata
1080 924 1400 1002 opulentia
1423 925 1722 1004 donisque
1746 946 1965 1005 regum
1994 947 2270 1007 quaeque

369 1022 489 1081 alia
535 1023 769 1081 laetum
814 1020 1286 1099 antiquitatibus
1329 1020 1708 1081 Graecorum
1756 1043 1953 1103 genus
2001 1024 2272 1084 incertae

367 1118 668 1178 vetustati
722 1106 975 1195 affingit,
1031 1117 1111 1176 de
1178 1117 1577 1196 navigatione
1646 1120 1915 1198 primum
1986 1121 2269 1180 consulit.

367 1215 710 1294 Postquam
730 1215 921 1293 pandi
943 1215 1108 1273 viam
1138 1224 1202 1273 et
1229 1232 1400 1274 mare
1428 1236 1791 1296 prosperum
1822 1217 2075 1296 accepit,
2096 1219 2175 1277 de
2205 1237 2270 1277 se

366 1333 479 1394 per
500 1313 788 1392 ambages
815 1311 1160 1390 interrogat
1182 1313 1374 1372 caesis
1399 1315 1817 1393 compluribus
1838 1315 2073 1374 hostiis.
2133 1315 2268 1375 Sos·
2345 1328 2376 1373 5

366 1420 566 1470 tratus
600 1409 934 1488 (sacerdoti
961 1409 1024 1468 id
1055 1429 1280 1469 nomen
1312 1413 1474 1489 erat)
1510 1412 1617 1471 ubi
1645 1414 1809 1481 laeta
1838 1420 1901 1471 et
1931 1432 2271 1492 congruen-

367 1506 457 1567 tia
484 1516 630 1566 exta
660 1505 1018 1585 magnisque
1049 1507 1345 1566 consultis
1371 1527 1637 1567 annuere
1661 1509 1843 1568 deam
1868 1507 2057 1581 videt,
2075 1527 2272 1586 pauca

368 1603 434 1662 in
462 1622 752 1683 praesens
793 1613 859 1662 et
899 1603 1082 1663 solita
1109 1605 1509 1682 respondenS,
1537 1605 1736 1683 petito
1780 1615 2018 1665 secreto
2059 1605 2274 1664 futura

370 1700 583 1779 aperit.
666 1700 848 1760 Titus
897 1710 1079 1760 aucto
1123 1701 1328 1760 animo
1368 1701 1448 1759 ad
1490 1711 1730 1779 patrem
1774 1712 2118 1781 pervectuS,
2148 1722 2272 1761 sus·

368 1797 572 1876 pensis
613 1796 1070 1876 provinciarum
1126 1807 1190 1857 et
1240 1797 1623 1857 exercituum
1679 1798 2011 1872 mentibus,
2054 1797 2272 1877 ingens
2316 1811 2413 1869 104

369 1914 572 1954 rerum
600 1894 828 1954 fiducia
860 1894 1134 1955 accessit.
1390 1906 1411 1972 g

451 1992 901 2071 Profligaverat
943 1992 1171 2053 bellum
1203 1992 1247 2054 J
1252 1991 1541 2053 udaicum
1568 1992 2006 2073 Vespasianus,
2039 2013 2271 2073 oppug-

370 2090 621 2150 natione
653 2090 1225 2170 Hierosolymorum
1270 2092 1524 2170 reliqua,
1557 2091 1712 2151 duro
1750 2092 1947 2171 magis
1977 2101 2040 2151 et
2078 2092 2270 2150 arduo

371 2208 554 2266 opere
579 2189 657 2249 ob
679 2187 1001 2267 ingenium
1023 2188 1254 2247 montis
1277 2198 1341 2247 et
1361 2188 1769 2266 pervicaciam
1793 2187 2270 2267 superstitionis,

372 2305 553 2365 quam
585 2305 706 2364 quo
736 2285 885 2344 satis
916 2283 1140 2342 virium
1171 2285 1431 2344 obsessis
1462 2284 1543 2343 ad
1572 2286 1922 2345 tolerandas
1953 2285 2274 2345 necessita-

369 2393 468 2443 tes
525 2392 886 2462 superesset.
979 2381 1152 2455 Tres,
1208 2392 1282 2442 ut
1350 2402 1536 2461 supra
1602 2382 2099 2456 memoravimuS,
2156 2381 2275 2461 ipsi
2346 2396 2378 2440 5

372 2480 759 2560 Vespasiano
814 2481 1088 2561 legiones
1145 2489 1340 2553 erant,
1385 2479 1691 2539 exercitae
1734 2480 1937 2539 bello:
1979 2477 2275 2558 quattuor

373 2576 699 2637 Mucianus
729 2578 1051 2638 obtinebat
1078 2578 1140 2636 in
1170 2596 1341 2657 pace,
1374 2576 1480 2634 sed
1527 2575 1859 2635 aemulatio
1902 2585 1965 2634 et
2006 2574 2273 2653 proximi

372 2676 678 2735 exercitus
719 2676 916 2755 gloria
955 2676 1275 2755 depulerat
1318 2673 1663 2753 segnitiam,
1694 2682 2113 2751 quantumque
2154 2670 2273 2730 illis

371 2772 608 2832 roboris
649 2772 1006 2833 discrimina
1049 2783 1111 2834 et
1154 2774 1344 2846 labor,
1390 2780 1637 2832 tantum
1692 2770 1788 2829 his
1830 2768 2062 2848 vigoris
2105 2768 2274 2827 addi-

373 2869 552 2929 derat
606 2869 849 2949 integra
894 2870 1066 2949 quies
1122 2881 1186 2930 et
1241 2868 1552 2948 inexperti
1599 2867 1749 2926 belli
1797 2885 1999 2926 amor:
2049 2864 2277 2924 auxilia
2318 2878 2380 2924 10

374 2967 619 3046 utrique
663 2968 1005 3027 cohortium
1053 2968 1408 3047 alarumque
1459 2977 1523 3026 et
1572 2966 1795 3026 classes
1852 2982 2147 3042 regesque
2204 2982 2272 3021 ac

373 3083 599 3123 nomen
631 3063 858 3143 dispari
887 3064 1054 3124 fama
1083 3065 1338 3124 celebre.

456 3160 509 3218 5.
566 3159 986 3240 Vespasianus
1028 3181 1166 3222 acer
1207 3160 1464 3220 militiae
1508 3159 1742 3220 anteire
1787 3177 2026 3237 agmen,
2066 3157 2274 3215 locum

375 3256 589 3317 castris
618 3277 853 3336 capere,
884 3267 1072 3317 noctu
1102 3258 1331 3337 diuque
1362 3257 1617 3317 consilio
1649 3276 1738 3328 ac,
1772 3256 1821 3314 si
1852 3274 1947 3315 res
1976 3261 2272 3333 posceret,

373 3375 564 3413 manu
605 3355 885 3414 hostibus
935 3355 1151 3427 obniti,
1197 3355 1332 3413 cibo
1379 3354 1657 3425 fortuitO,
1708 3362 1882 3411 veste
1932 3350 2273 3428 habituque

374 3452 485 3510 vix
527 3471 562 3510 a
600 3452 883 3531 gregario
926 3452 1119 3510 milite
1164 3452 1555 3530 discrepans3
1606 3465 1879 3528 prorsus,
1922 3448 1971 3509 si
2015 3446 2276 3507 avaritia

377 3549 636 3623 abesset,
666 3548 931 3627 antiquis
973 3549 1230 3608 ducibus
1271 3567 1402 3626 par.
1484 3547 1844 3607 Mucianum
1887 3566 1920 3606 e
1963 3545 2271 3607 contrario
2348 3556 2380 3603 δ
