2738 4048
366 190 492 255 148
932 205 1324 255 EXOERPTA
1368 205 1801 256 TA01T1ANA.

361 765 421 809 20

360 1245 423 1291 25

362 2217 423 2263 10

361 2706 423 2751 15

358 3188 421 3232 20

469 363 609 423 niae
652 372 843 444 patet,
887 364 1057 423 nulla
1096 366 1227 444 jam
1269 365 1435 424 ultra
1466 384 1638 443 gene,
1680 363 1839 423 nihil
1884 362 2003 423 nisi
2048 363 2276 424 fluctus
2314 373 2381 425 et

470 480 636 534 saxa,
666 471 729 521 et
757 460 1108 521 infestiores
1138 460 1424 533 Romani,
1456 481 1720 539 quorum
1750 460 2104 539 superbiam
2141 461 2381 521 frustra

470 578 580 637 per
609 558 969 636 obsequium
1013 578 1084 618 ac
1124 558 1496 616 modestiam
1539 557 1849 636 effugeris,
1934 556 2245 636 Raptores
2288 580 2381 619 or-

467 654 582 727 bis,
611 664 940 733 postquam
984 664 1207 713 cuncta
1245 654 1636 714 vastantibus
1680 653 1937 712 defuere
1981 664 2202 728 terrae,
2243 657 2379 735 jam

465 761 527 810 et
575 770 743 809 mare
801 760 1189 825 scrutantur3
1248 751 1299 811 si
1354 751 1630 829 locuples
1677 751 1874 811 hostis
1927 761 2038 823 est,
2089 753 2278 826 avari,
2324 753 2381 812 si

467 866 718 925 pauper,
744 846 1070 919 ambitiosi,
1103 867 1254 927 quos
1283 867 1409 906 non
1442 842 1681 919 Oriens,
1705 868 1829 906 non
1863 847 2170 908 Occidens
2198 850 2380 908 satia-

467 942 665 1001 verit:
696 942 809 1001 soli
833 943 1107 1001 omnium
1130 963 1278 1021 opes
1302 952 1489 1021 atque
1519 942 1796 1023 inopiam
1817 944 1951 1023 pari
1983 943 2213 1004 affectu
2237 965 2381 1005 con-

468 1038 812 1116 cupiscunt.
910 1038 1181 1097 Auferre
1240 1039 1554 1098 trucidare
1611 1059 1831 1119 rapere
1887 1041 2060 1100 falsis
2117 1042 2381 1101 nomini-

465 1134 581 1194 bus
624 1134 968 1214 imperium‚
1016 1145 1202 1215 atque
1248 1136 1355 1195 ubi
1403 1137 1806 1197 solitudinem
1854 1137 2112 1212 faciunt,
2156 1157 2378 1217 pacem

467 1230 822 1311 appellant.’
2454 1227 2457 1228 ⁷

550 1330 644 1387 31.
702 1336 717 1365 ‘
738 1328 994 1388 Liberos
1027 1328 1246 1407 cuique
1273 1350 1342 1390 ac
1364 1332 1742 1411 propinquos
1773 1352 1916 1392 suos
1943 1341 2168 1391 natura
2197 1333 2379 1392 caris-

467 1426 650 1485 simos
680 1446 809 1484 esse
840 1427 1076 1486 voluit:
1119 1426 1184 1485 hi
1227 1448 1339 1506 per
1383 1429 1646 1488 dilectus
1689 1430 1833 1488 alibi
1877 1429 2169 1488 servituri
2214 1430 2379 1488 aufe-

466 1532 716 1581 runtur:
748 1524 1046 1601 conjuges
1069 1543 1432 1603 sororesque
1456 1526 1642 1584 etiam
1666 1525 1717 1584 si
1741 1526 2029 1585 hostilem
2052 1526 2375 1585 libidinem

468 1618 787 1698 effugiant,
830 1619 1081 1678 nomine
1125 1622 1464 1681 amicorum
1508 1631 1694 1702 atque
1736 1623 2052 1701 hospitum
2092 1623 2376 1702 polluun—

469 1725 586 1776 tur.
672 1716 851 1775 Bona
879 1718 1283 1798 fortunaeque
1311 1719 1375 1776 in
1405 1718 1725 1791 tributum,
1758 1738 1905 1798 ager
1947 1730 2131 1799 atque
2177 1739 2376 1779 annus

435 1881 436 1884 Ἴ
465 1813 530 1871 in
558 1812 960 1886 frumentum,
992 1835 1248 1894 corpora
1286 1816 1420 1894 ipsa
1451 1835 1519 1874 ac
1551 1836 1766 1875 manus
1809 1817 1978 1876 silvis
2022 1836 2091 1875 ac
2137 1816 2377 1895 paludi-

468 1912 584 1971 bus
616 1913 998 1971 emuniendis
1029 1913 1195 1971 intei·
1222 1914 1482 1974 verbera
1511 1932 1581 1971 ac
1610 1914 2015 1973 contumelias
2051 1923 2380 1973 conterun-

470 2020 591 2070 tur.
676 2010 846 2070 Nata
901 2009 1189 2070 servituti
1244 2009 1554 2089 mancipia
1608 2010 1798 2070 semel
1842 2018 2135 2084 veneunt,
2189 2020 2375 2089 atque

470 2108 636 2165 ultro
680 2127 716 2165 a
759 2107 1026 2166 dominis
1070 2107 1358 2166 aluntur:
1417 2108 1746 2167 Britannia
1789 2108 2158 2167 servitutem
2201 2127 2377 2165 suam

467 2203 746 2282 quotidie
779 2204 950 2277 emit,
982 2204 1260 2283 quotidie
1304 2204 1524 2283 pascit.
1606 2206 1704 2264 Ac
1736 2205 1894 2263 sicut
1921 2205 1986 2262 in
2015 2204 2256 2263 familia
2282 2223 2375 2263 re-

470 2299 855 2359 centissimus
887 2301 1143 2383 quisque
1173 2319 1491 2361 servorum
1522 2301 1710 2361 etiam
1741 2302 2056 2361 conservis
2097 2300 2371 2360 ludibrio

467 2407 582 2472 est,
612 2396 698 2456 sic
728 2397 789 2456 in
820 2399 937 2457 hoc
968 2400 1132 2459 orbis
1163 2408 1465 2458 terrarum
1496 2408 1705 2458 vetere
1744 2398 2051 2457 famulatu
2080 2398 2228 2457 novi
2256 2417 2371 2457 nos

468 2507 532 2555 et
566 2495 718 2555 viles
755 2496 816 2555 in
848 2497 1159 2556 excidium
1200 2496 1509 2577 petimur3
1552 2515 1751 2574 neque
1795 2495 1960 2553 enim
2005 2513 2152 2553 arva
2192 2493 2373 2553 nobis

468 2603 576 2654 aut
617 2595 869 2652 metalla
911 2604 1019 2654 aut
1061 2605 1275 2674 portus
1319 2602 1482 2666 sunt,
1521 2594 1740 2673 quibus
1783 2591 2144 2651 exercendis
2183 2610 2376 2649 reser-

465 2711 701 2750 vemur.
786 2691 1007 2750 Virtus
1046 2712 1231 2770 porro
1274 2711 1345 2751 ac
1388 2691 1622 2751 ferocia
1663 2690 2079 2768 subjectorum
2124 2687 2374 2766 ingrata

466 2787 947 2866 imperantibus3
992 2797 1053 2847 et
1096 2787 1519 2867 longinquitas
1551 2807 1621 2847 ac
1650 2796 1957 2847 secretum
2000 2785 2204 2864 ipsum
2246 2804 2372 2862 quo

468 2886 682 2958 tutiuS,
713 2905 785 2944 eo
829 2884 1189 2962 suspectius
1274 2884 1377 2944 Ita
1419 2886 1664 2944 sublata
1705 2904 1813 2963 spe
1855 2883 2072 2944 veniae
2113 2882 2373 2940 tandem

467 2982 693 3040 sumite
724 2981 1016 3053 animum,
1046 2990 1175 3039 tam
1207 2981 1429 3060 quibus
1472 2982 1635 3041 salus
1679 3001 1862 3061 quam
1907 2979 2127 3058 quibus
2169 2977 2373 3057 gloria.

469 3078 780 3138 carissima
829 3088 942 3138 est.
1027 3078 1357 3157 Brigantes
1407 3079 1642 3137 femina
1692 3079 1850 3137 duce
1907 3095 2163 3136 exurere
2213 3075 2376 3136 colo·

463 3174 647 3248 niam,
678 3195 1027 3254 expugnare
1071 3183 1289 3248 castra,
1334 3195 1407 3235 ac
1448 3175 1566 3234 nisi
1608 3174 1875 3234 felicitas
1918 3174 1979 3232 in
2025 3170 2375 3232 socordiam

466 3270 773 3342 vertisset,
798 3291 1021 3330 exuere
1042 3270 1266 3350 jugum
1288 3280 1580 3349 potuere:
1610 3292 1723 3330 nos
1746 3269 1973 3349 integri
1997 3279 2061 3329 et
2084 3266 2374 3327 indomiti

467 3377 530 3426 et
586 3367 649 3425 in
695 3368 1066 3441 libertatem,
1110 3388 1233 3427 non
1289 3369 1351 3427 in
1399 3368 1765 3447 patientiam
1815 3366 2125 3438 bellaturi,
2169 3363 2374 3444 primo

467 3461 679 3520 statim
711 3482 1041 3540 congressu
1070 3464 1486 3538 ostendamus»,
1514 3483 1668 3543 quos
1697 3463 1812 3523 sibi
1840 3462 2179 3524 Caledonia
2207 3461 2375 3519 viros

470 3556 850 3630 seposuerit?
