2738 4048
405 266 489 334 74
997 282 1388 331 ExcnRPTA
1431 283 1860 332 TAOITIANA.

378 455 466 503 ,3ο
509 439 668 514 diae,
699 459 1051 520 quanquam
1079 450 1279 501 mater
1306 440 1372 500 in
1402 440 1648 501 Liviam
1689 450 1754 502 et
1795 461 1944 501 mox
1969 440 2014 502 J
2016 441 2207 501 uliam
2245 441 2417 502 fami-

509 537 657 598 liam
687 537 1130 616 adoptionibus
1172 537 1508 598 transierit.
1595 538 1787 598 Casus
1818 538 2018 618 prima
2047 539 2124 598 ab
2152 539 2416 600 infantia

511 635 857 714 ancipitcs3
930 655 1073 694 nam
1142 635 1556 713 proscriptum
1624 645 1867 714 patrem
1936 636 2081 695 exul
2148 645 2412 710 secutuS,

508 733 616 791 ubi
672 732 928 791 domum
984 731 1260 810 Augusti
1326 731 1652 810 privignus
1721 732 1984 808 introiit,
2036 733 2248 793 multis
2316 752 2414 793 ae-

509 829 695 888 mulis
763 828 1153 887 conflictatus
1208 838 1322 902 est,
1380 827 1531 887 dum
1587 828 1924 889 Marcellus
1991 838 2056 890 et
2110 829 2411 910 Agrippa,

404 940 467 985 35
509 945 656 1005 mox
702 924 886 984 Caius
929 924 1276 1004 Luciusque
1318 924 1614 986 Caesares
1652 926 1909 1006 viguere
1929 947 1948 1001 3
1989 926 2177 986 etiarn
2218 927 2413 988 frater

510 1025 641 1104 ejus
671 1024 911 1083 Drusus
940 1025 1331 1104 prosperiore
1361 1025 1597 1085 civium
1626 1045 1833 1086 amore
1863 1036 2018 1086 erat.
2093 1026 2218 1087 Sed
2247 1045 2414 1086 max-

507 1123 631 1181 ime
686 1121 752 1181 in
806 1122 1044 1182 lubrico
1091 1122 1221 1202 egit
1276 1132 1534 1201 accepta
1587 1124 1651 1182 in
1708 1123 2174 1184 matrimonium
2221 1124 2264 1186 J
2268 1124 2411 1200 ulia,

507 1218 961 1299 impudicitiam
1018 1220 1227 1303 uxor-is
1282 1220 1557 1280 tolerans
1628 1230 1738 1280 aut
1805 1220 2142 1280 declinans.
2245 1220 2411 1281 Dein

507 1315 737 1378 Rhodo
786 1338 1099 1397 regressus
1151 1336 1378 1377 vacuos
1427 1317 1726 1397 principis
1774 1327 2032 1397 penates
2078 1318 2411 1378 duodecim

399 1427 464 1473 40
509 1414 703 1488 anniS‚
752 1435 897 1474 mox
944 1414 1033 1473 rei
1079 1414 1400 1474 Romanae
1459 1415 1787 1474 arbitrium
1842 1415 2042 1474 tribus
2096 1414 2292 1475 ferme
2346 1423 2412 1476 et

505 1511 734 1590 viginti
768 1511 1060 1571 obtinuit.
1142 1510 1395 1571 Morum
1424 1531 1669 1591 quoque
1698 1521 1983 1590 tempora
2009 1511 2101 1570 illi
2130 1511 2412 1572 diversa:

508 1609 830 1687 egregium
856 1609 990 1669 vita
1030 1609 1337 1688 famaque,
1369 1608 1575 1688 quoad
1604 1609 1886 1686 privatus
1914 1610 2016 1668 vel
2044 1608 2107 1667 in
2137 1607 2412 1688 imperiis

506 1705 621 1764 sub
642 1707 933 1785 Augusto
961 1705 1122 1779 fuit3
1151 1705 1466 1765 occultum
1496 1724 1569 1764 ac
1597 1705 1927 1766 subdolum
1955 1705 2263 1784 fingendis
2291 1704 2412 1766 vir-

504 1802 764 1875 tutibus,
787 1803 986 1863 donec
1017 1803 1422 1862 Germanicus
1451 1821 1523 1861 ac
1554 1801 1796 1862 Drusus
1825 1803 2184 1880 superfuere
2201 1790 2412 1876 ,idem

397 1912 462 1956 45
505 1898 669 1957 inter
689 1899 851 1957 bona
873 1900 1156 1978 malaque
1185 1901 1420 1959 mixtus
1450 1900 1746 1959 incolumi
1769 1911 1967 1959 matre
1992 1921 2009 1974 3
2038 1899 2411 1979 intestabilis

505 2082 831 2150 timuitve:
874 2103 1186 2170 postremo
1216 2094 1280 2152 in
1310 2096 1544 2154 scelera
1583 2095 1767 2155 simul
1808 2114 1881 2156 ac
1923 2094 2234 2155 dedecora
2273 2114 2412 2173 pro-

505 2186 695 2264 rupit,
723 2197 1064 2266 'postquam
1105 2199 1346 2251 remoto
1388 2192 1629 2272 pudore
1674 2201 1740 2254 et
1783 2200 1958 2254 metu
2003 2211 2116 2254 suo
2163 2202 2412 2253 tantum

507 2281 760 2361 ingenio
804 2285 1112 2347 utebatur.

2068 2473 2203 2654 li

468 2939 985 3007 ANNALIUM
1047 2942 1333 3011 LIBER
1398 2945 1846 3026 QUINTUS.
1884 2945 2336 3014 DECIMUS.

582 3159 675 3219 38.
748 3159 1043 3240 Sequitur
1066 3162 1294 3236 clades,
1315 3163 1477 3223 forte
1501 3183 1578 3224 an
1601 3163 1746 3224 dolo
1770 3164 2066 3243 principis
2094 3163 2406 3224 incertum

512 3255 684 3332 (nam
711 3267 1045 3338 utrumque
1074 3269 1358 3321 auctores
1387 3261 1770 3341 prodidere),
1792 3263 1904 3320 sed
1932 3261 2216 3322 omnibus
2246 3279 2404 3339 quae

501 3351 643 3410 huic
683 3353 821 3413 urbi
871 3375 983 3434 per
1023 3356 1388 3417 violentiam
1442 3357 1681 3436 ignium
1736 3359 2098 3418 acciderunt
2150 3356 2406 3437 gravior

501 3455 687 3527 atque
717 3452 1003 3512 atrocior.
1089 3453 1351 3514 Initium
1387 3454 1452 3513 in
1481 3474 1554 3513 ea
1581 3465 1758 3534 parte
1799 3455 1948 3515 circi
1988 3464 2214 3528 ortum,
2243 3471 2402 3533 quae

393 3555 426 3600 5
499 3541 791 3606 Palatino
840 3546 1169 3627 Caelioque
1220 3551 1536 3610 montibus
1592 3551 1888 3632 contigua
1942 3562 2071 3627 est3
2124 3550 2234 3610 ubi
2286 3568 2402 3629 per
