2738 4048
639 282 1033 331 ANNALIUM
1074 283 1295 330 LIBER
1341 282 1667 341 Qumrus
1698 242 2058 330 bacmos.
2255 264 2336 332 ’Π

333 440 466 500 Alii
509 459 582 500 eo
624 459 817 520 usque
860 459 1006 499 cura
1046 439 1357 520 progressi
1408 450 1569 515 sunt,
1613 448 1685 499 ut
1732 440 2001 499 totidem
2042 458 2235 499 annos

332 557 695 617 mensesque
726 546 790 596 et
819 536 954 596 dies
983 537 1146 597 inter
1173 548 1437 617 utraque
1467 536 1758 596 incendia
1787 544 2137 595 numerent.
2279 549 2342 595 15

416 635 514 695 42.
586 634 882 694 Ceterum
911 634 1083 692 Nero
1113 653 1257 693 usus
1294 646 1388 693 est
1416 637 1654 711 patriae
1684 632 1876 692 ruinis
1906 632 2239 692 exstruxit-

336 751 456 812 que
499 732 773 803 domum‚
807 730 871 789 in
916 750 1038 809 qua
1078 731 1244 789 haud
1289 730 1548 809 perinde
1589 749 1872 809 gemmae
1913 739 1977 789 et
2019 748 2238 789 aurum

335 828 632 888 miraculo
675 836 900 900 essent,
943 826 1126 886 solita
1166 827 1411 905 pridem
1454 836 1518 886 et
1558 826 1710 885 luxu
1750 826 2024 905 vulgata,
2055 845 2241 905 quam

339 946 488 986 arva
528 936 593 985 et
634 935 873 1004 stagna,
904 934 968 1005 et
1008 924 1072 984 in
1114 924 1373 984 modum
1415 924 1819 984 solitudinum
1861 923 2006 983 hinc
2047 924 2239 984 silvae

339 1023 483 1082 inde
513 1031 731 1101 aperta
758 1021 960 1100 spatia
988 1030 1053 1079 et
1082 1030 1466 1100 prospectuS,
1494 1020 1807 1099 magistris
1836 1028 1901 1080 et
1937 1020 2244 1079 machina-
2315 1034 2347 1080 5

340 1119 579 1179 toribus
612 1119 843 1179 Severo
885 1128 950 1178 et
981 1117 1217 1190 Celere,
1247 1117 1471 1196 quibus
1512 1117 1833 1198 ingenium
1872 1126 1940 1177 ‘et
1981 1117 2243 1178 audacia

338 1228 489 1290 erat,
512 1215 702 1275 etiam
726 1234 882 1295 quae
912 1225 1134 1274 natura
1164 1214 1620 1293 denegavisset,
1641 1233 1752 1294 per
1773 1223 1973 1273 artem
1996 1223 2240 1274 tentare

339 1321 403 1371 et
431 1312 666 1372 viribus
694 1311 993 1390 principis
1020 1311 1302 1370 illudere.
1385 1310 1673 1391 Namque
1704 1310 1782 1370 ab
1816 1311 1955 1371 lacu
1983 1311 2241 1371 Averno

339 1409 755 1489 navigabilem
782 1409 1012 1469 fossam
1043 1428 1235 1488 usque
1260 1408 1359 1467 ad
1403 1408 1563 1468 ostia
1590 1407 1886 1468 Tiberina
1925 1407 2244 1486 depressu-

347 1527 450 1567 ros
477 1507 908 1587 promiserant,
940 1505 1245 1586 squalenti
1274 1505 1457 1565 litore
1487 1516 1596 1566 aut
1623 1525 1737 1585 per
1764 1513 2007 1565 montes
2036 1504 2250 1564 adver·
2289 1519 2349 1564 10

339 1623 458 1664 sOS.
567 1603 791 1683 Neque
848 1603 1015 1663 euim
1071 1603 1245 1662 aliud
1299 1602 1628 1661 humidum
1683 1601 2015 1681 gignendis
2069 1601 2244 1680 aquis

343 1701 614 1761 occurrit
642 1721 828 1780 quam
856 1700 1230 1780 Pomptinae
1259 1699 1550 1778 paludes:
1592 1708 1801 1759 cetera
1828 1698 2095 1776 abrupta
2135 1706 2245 1757 aut

344 1798 601 1872 arentia,
632 1817 701 1857 ac
731 1798 783 1858 si
810 1797 1128 1877 perrumpi
1157 1805 1430 1876 possent,
1460 1794 1884 1855 intolerandus
1923 1795 2097 1854 labor
2128 1814 2246 1854 nec

344 1894 496 1955 satis
525 1914 763 1954 causae.
846 1893 1018 1977 Nero
1046 1903 1278 1967 tamen,
1307 1901 1380 1952 ut
1414 1901 1546 1953 erat
1587 1890 2040 1951 incredibilium
2081 1890 2246 1970 cupi-

340 1999 463 2066 tor,
494 1991 758 2051 effodere
787 1991 1069 2071 proxima
1097 1991 1353 2050 Averno
1374 1989 1531 2071 juga
1558 1988 1802 2050 conisus
1832 1998 1944 2063 est,
1967 1997 2245 2049 manent-
2288 2001 2351 2050 15

344 2108 463 2169 que
492 2088 759 2168 vestigia
786 2089 995 2149 irritae
1026 2088 1176 2167 spei.
1889 2157 1895 2162 ι

420 2187 517 2246 43.
588 2186 885 2246 Ceterum
926 2186 1095 2246 urbis
1137 2205 1294 2265 quae
1337 2184 1549 2245 domui
1592 2193 1972 2264 supererant,
1999 2204 2145 2257 non,
2175 2193 2247 2245 ut

339 2292 483 2363 post
534 2282 773 2343 Gallica
827 2282 1134 2356 incendia,
1176 2283 1349 2342 nulla
1398 2282 1796 2350 distinctione
1853 2301 1967 2341 nec
2018 2281 2249 2361 passim

343 2389 570 2453 erecta,
600 2379 712 2439 sed
742 2379 1035 2438 dimensis
1066 2379 1347 2439 vicorum
1389 2378 1711 2438 ordinibus
1743 2387 1807 2437 et
1834 2377 1978 2439 latis
2004 2378 2249 2437 viarum

341 2475 575 2555 spatiis,
599 2476 991 2555 cohibitaque
1015 2475 1440 2535 aedificiorum
1460 2474 1788 2535 altitudine
1818 2493 1891 2534 ac
1918 2473 2247 2554 patefactis

343 2572 520 2646 areis,
563 2572 912 2652 additisque
968 2572 1309 2652 porticibus
1359 2591 1517 2651 quae
1574 2572 1850 2632 frontem
1905 2571 2245 2630 insularum
2320 2582 2353 2629 5

341 2677 762 2749 protegerent.
846 2669 972 2729 Eas
1007 2669 1281 2748 porticus
1311 2668 1484 2728 Nero
1526 2688 1637 2729 sua
1676 2667 1942 2748 pecunia
1981 2676 2248 2727 exstruc-

344 2772 571 2837 turum,
597 2772 1008 2844 purgatasque
1033 2782 1205 2823 areas
1227 2762 1496 2823 dominis
1518 2763 1914 2836 traditurum,
1935 2760 2249 2841 pollicitus

346 2869 459 2921 est.
539 2860 808 2920 Addidit
836 2860 1112 2940 praemia
1139 2880 1251 2940 pro
1282 2862 1582 2941 cujusque
1613 2860 1827 2919 ordine
1857 2870 1922 2918 et
1950 2858 2040 2917 rei
2076 2856 2250 2916 fami-

347 2957 516 3017 liaris
544 2957 756 3036 copiis,
778 2957 1104 3037 finivitque
1134 2968 1379 3037 tempus
1407 2958 1573 3017 intra
1594 2958 1760 3037 quod
1790 2956 2029 3016 effectis
2059 2953 2251 3013 domi-

347 3053 463 3113 bus
494 3063 601 3113 aut
629 3054 842 3114 insulis
867 3055 1303 3134 apiscerentur.
1361 3054 1601 3114 Ruderi
1631 3053 1991 3133 accipiendo
2011 3051 2253 3111 Ostien-
2294 3065 2356 3110 10

345 3170 440 3209 ses
469 3151 725 3233 paludes
766 3151 1138 3225 destinabat,
1170 3152 1385 3230 utique
1427 3171 1636 3224 naves,
1668 3170 1822 3229 quae
1864 3149 2251 3208 frumentum

347 3246 559 3304 Tibeii
613 3248 1166 3321 subvectavissent,
1224 3257 1483 3308 onustae
1549 3248 1771 3306 rudere
1829 3246 2257 3319 decurrerent,

346 3343 750 3423 aedificiaque
796 3346 947 3424 ipsa,
992 3356 1160 3404 certa
1210 3345 1303 3405 sui
1349 3354 1546 3423 parte,
1593 3344 1723 3403 sine
1773 3342 2048 3402 trabibus
2098 3361 2248 3400 saxo

346 3439 591 3501 Gabino
631 3442 957 3501 Albanove
1008 3441 1438 3513 solidarentur,
1482 3439 1649 3519 quod
1698 3439 1750 3499 is
1799 3439 1953 3518 lapis
2001 3439 2248 3518 ignibus

343 3536 684 3617 impervius
709 3552 839 3615 est3
866 3540 996 3619 jam
1021 3558 1180 3618 aqua
1200 3538 1586 3617 privatorum
1610 3535 1862 3596 licentia
1884 3536 2251 3617 intercepta,
2293 3547 2356 3595 15
