2738 4048
774 256 1168 306 EXOERPTA
1214 259 1443 305 VITAE
1488 257 1933 307 AGRIOOLAE.
2229 243 2356 309 147

345 433 510 475 anno
542 422 685 475 ante
713 423 930 474 natum
959 414 1154 473 filium
1184 415 1407 474 amisit.
1482 414 1683 486 Quem
1714 434 1922 475 casum
1951 434 2150 495 neque
2179 425 2252 477 ut

344 511 625 590 plerique
655 512 911 570 fortium
938 512 1213 570 virorum
1243 511 1587 585 ambitiose,
1611 532 1809 591 neque
1838 533 1950 591 per
1978 513 2252 572 lamenta

342 627 553 667 rursus
583 628 654 667 ac
683 627 1022 667 maerorem
1053 609 1439 668 muliebriter
1476 609 1660 669 tulit:
1705 618 1768 668 et
1810 610 1873 668 in
1915 610 2087 668 luctu
2128 611 2251 669 bel-

342 704 473 763 lum
503 705 666 764 inter
692 705 966 763 remedia
996 715 1145 764 erat.
1229 704 1434 783 Igitur
1476 705 1812 785 praemissa
1854 707 2061 780 classe,
2093 726 2250 785 quae

342 800 622 880 pluribus
649 802 802 861 locis
832 801 1131 880 praedata
1158 820 1456 881 magnum
1499 811 1561 861 et
1602 803 1910 862 incertum
1949 813 2249 862 terrorem

342 898 595 971 faceret,
624 899 919 978 expedito
948 898 1241 972 exercitu,
1273 899 1371 957 cui
1414 919 1491 958 ex
1522 899 1840 959 Britannis
1881 900 2248 959 fortissimos

343 1004 407 1054 et
448 996 634 1074 longa
661 1014 813 1074 pace
848 987 1201 1073 exploratos
1230 996 1574 1069 addiderat,
1604 996 1684 1055 ad
1726 1007 2004 1056 montem
2035 997 2249 1056 Gram-

342 1092 513 1169 pium
545 1091 849 1170 pervenit,
882 1111 1064 1170 quem
1094 1092 1226 1172 jam
1268 1092 1464 1152 hostis
1507 1092 1837 1152 insederat.
1918 1093 2085 1152 Nam
2116 1094 2248 1153 Bri-

341 1187 519 1246 tanni
563 1187 715 1246 nihil
757 1187 941 1247 fracti
983 1208 1229 1267 pugnae
1271 1188 1493 1268 prioris
1537 1199 1787 1262 eventU,
1831 1198 1895 1249 et
1943 1189 2247 1249 ultionem

343 1293 451 1343 aut
483 1284 803 1343 servitium
847 1294 1264 1363 expectantes,
1294 1285 1671 1364 tandemque
1701 1285 1873 1345 docti
1900 1285 2244 1364 periculum

342 1401 666 1442 commune
696 1381 1027 1441 concordia
1055 1382 1562 1460 propulsandum,
1585 1382 1999 1461 legationibus
2030 1392 2093 1443 et
2120 1383 2246 1442 foe-

343 1478 592 1537 deribus
622 1478 899 1537 omnium
934 1478 1282 1538 civitatium
1310 1479 1473 1539 vires
1515 1480 1890 1539 exciverant.
1975 1480 2244 1559 Jamque

340 1594 524 1654 super
551 1574 813 1654 triginta
843 1574 1014 1634 milia
1042 1585 1423 1635 armatorum
1453 1576 1924 1654 aspiciebantur,
1947 1585 2012 1636 et
2041 1577 2243 1636 adhuc

340 1672 629 1731 affluebat
684 1672 882 1731 omnis
926 1672 1227 1751 juventus
1278 1682 1341 1732 et
1372 1673 1610 1752 quibus
1667 1673 1858 1732 cruda
1913 1692 1983 1732 ac
2032 1673 2247 1734 viridis

340 1777 644 1841 senectus,
690 1768 833 1828 clari
876 1768 1041 1828 bello
1084 1778 1148 1828 et
1191 1788 1301 1828 sua
1343 1769 1600 1848 quisque
1643 1769 1870 1828 decora
1908 1777 2242 1848 gestanteS‚

340 1886 481 1926 cum
532 1866 696 1926 inter
749 1863 955 1945 plures
1002 1866 1189 1926 duces
1233 1866 1468 1925 virtute
1518 1877 1582 1925 et
1628 1886 1856 1946 genere
1904 1875 2242 1945 praestanS,

338 1965 588 2026 nomine
621 1965 937 2046 Calgacus.
969 1965 1134 2046 apud
1165 1975 1549 2026 contractam
1580 1964 2043 2024 multitudinem
2072 1984 2243 2045 proe-

338 2064 489 2124 lium
518 2075 876 2143 poscentem
905 2066 969 2124 in
999 2066 1165 2124 hunc
1195 2065 1451 2125 modum
1480 2066 1721 2124 locutus
1750 2064 1966 2124 fertur.

420 2163 516 2222 30.
573 2169 589 2198 ‘
611 2162 915 2234 Quotiens
945 2183 1158 2223 causas
1196 2164 1341 2223 belli
1387 2172 1450 2223 et
1488 2163 1922 2223 necessitatem
1965 2173 2243 2224 nostram

338 2257 603 2332 intueor,
634 2280 893 2340 magnus
924 2260 1074 2319 mihi
1106 2260 1345 2320 animus
1376 2270 1469 2320 est
1497 2261 1862 2320 hodiernum
1894 2261 2060 2319 diem
2084 2281 2242 2320 ·con-

338 2375 707 2436 sensumque
751 2366 1025 2417 vestrum
1069 2357 1313 2416 initium
1355 2357 1661 2418 libertatis
1710 2358 1832 2417 toti
1876 2357 2240 2417 Britanniae

338 2452 502 2528 fore3
560 2473 703 2513 nam
754 2463 818 2514 et
863 2453 1135 2513 universi
1181 2454 1498 2513 servitutis
1555 2464 1861 2532 experteS‚
1912 2465 1975 2513 et
2033 2455 2238 2513 nullae

336 2551 500 2610 ultra
546 2560 747 2610 terrae
795 2571 866 2610 ac
909 2571 989 2610 ne
1039 2570 1206 2609 mare
1243 2550 1495 2629 quidem
1542 2570 1825 2610 securum
1876 2551 2237 2610 imminente

336 2646 514 2706 nobis
545 2648 735 2707 classe
767 2647 1066 2707 Romana.
1150 2646 1249 2707 Ita
1289 2647 1594 2725 proelium
1638 2656 1821 2725 atque
1866 2666 2052 2720 arma,
2082 2666 2239 2726 quae

336 2741 601 2803 fortibus
638 2744 917 2811 honesta,
950 2744 1167 2803 eadem
1211 2743 1401 2803 etiam
1444 2743 1686 2820 ignavis
1729 2742 2037 2801 tutissima
2078 2751 2239 2803 sunt.

336 2837 581 2899 Priores
603 2860 865 2920 pugnae,
888 2841 1108 2920 quibus
1131 2842 1426 2901 adversus
1450 2840 1766 2901 Romanos
1788 2840 1963 2901 varia
1988 2840 2239 2899 fortuna

335 2947 641 2996 certatum
688 2947 797 3010 est,
847 2958 1018 3017 spem
1068 2958 1139 2997 ac
1184 2938 1524 2998 subsidium
1573 2937 1638 2997 in
1684 2937 1911 2997 nostris
1958 2937 2236 2997 manibus

332 3033 662 3106 habebant,
693 3035 837 3114 quia
878 3035 1249 3095 nobilissimi
1290 3035 1483 3095 totius
1527 3035 1887 3094 Britanniae
1934 3054 2130 3113 eoque
2172 3033 2237 3094 in

332 3128 480 3207 ipsis
502 3132 923 3209 penetralibus
946 3132 1048 3192 siti
1079 3151 1192 3191 nec
1214 3132 1615 3191 servientium
1645 3132 1827 3190 litora
1850 3131 2233 3209 aspicientes,

334 3228 543 3287 oculos
573 3249 815 3308 quoque
846 3249 882 3288 a
910 3238 1201 3288 contactu
1227 3228 1666 3288 dominationis
1695 3227 2027 3286 inviolatos
2056 3228 2236 3286 habe-

330 3322 565 3384 bamus.
650 3325 786 3385 Nos
827 3335 1133 3385 terrarum
1165 3344 1236 3384 ac
1264 3324 1570 3384 libertatis
1612 3332 1922 3383 extremos
1964 3343 2236 3384 recessus

330 3419 461 3498 ipse
495 3441 564 3480 ac
594 3422 763 3481 sinus
791 3421 989 3480 famae
1018 3421 1080 3480 in
1111 3422 1275 3481 hunc
1298 3421 1463 3480 diem
1486 3420 1771 3479 defendit
1797 3440 1812 3494 3
1844 3428 2027 3499 atque
2051 3439 2233 3479 omne

331 3515 611 3596 ignotum
643 3538 756 3599 pro
785 3518 1112 3598 magnifico
1142 3528 1235 3578 est
1261 3538 1275 3577 t
1318 3518 1425 3577 sed
1458 3537 1620 3576 nunc
1661 3518 1961 3577 terminus
1991 3516 2233 3577 Britan-

2325 722 2355 767 5

2292 1206 2354 1251 10

2288 1688 2350 1734 15

2277 3048 2342 3098 10

2276 3532 2335 3577 15
