2738 4048
391 284 520 350 150
956 298 1348 348 ΕΧΟΕΒΡΤΑ
1391 294 1845 348 ΤΑΟΙΤῙΑΝΑ.’

391 474 422 519 5
497 457 797 537 Agricola
826 456 1212 517 Batavorum
1240 457 1530 517 cohortes
1571 477 1644 517 ac
1672 458 2072 538 Tungrorum
2114 460 2269 520 duas
2312 480 2411 521 co-

495 556 783 615 hortatus
827 565 941 628 est,
985 565 1055 613 ut
1091 574 1223 612 rem
1269 553 1349 612 ad
1396 543 1720 614 mu'crones
1763 575 1835 614 ac
1878 576 2098 616 manus
2142 557 2412 616 adduce-

496 663 674 726 rent3
729 651 895 731 quod
939 661 1002 710 et
1044 651 1194 729 ipsis
1235 660 1548 710 vetustate
1591 651 1847 711 militiae
1889 654 2301 713 exercitatum
2341 663 2410 713 et

495 748 776 807 hostibus
805 746 1094 817 inhabile,
1117 766 1308 823 parva
1330 757 1507 805 scuta
1530 756 1595 806 et
1618 766 1902 806 enormes
1921 748 2165 827 gladios
2191 768 2409 827 geren·

499 844 699 915 tibus3
755 862 899 901 nam
949 842 1394 902 Britannorum
1447 841 1643 921 gladii
1696 843 1830 902 sine
1884 864 2180 904 mucrone
2238 864 2407 904 com-

393 956 456 1001 10
496 941 748 1019 plexum
791 958 1102 997 armorum
1144 949 1208 997 et
1248 939 1314 998 in
1357 948 1494 998 arto
1535 958 1812 1018 pugnam
1860 960 1985 999 non
2031 941 2404 1001 tolerabant.

499 1035 703 1114 Igitur
743 1044 815 1094 ut
859 1034 1083 1094 Batavi
1124 1036 1383 1095 miscere
1423 1036 1602 1105 ictu&
1640 1036 1830 1095 ferire
1872 1037 2264 1111 umbonibus,
2294 1057 2408 1096 ora

496 1133 726 1206 fodere,
776 1140 842 1191 et
895 1133 1107 1192 stratis
1155 1133 1262 1211 qui
1307 1133 1373 1191 in
1423 1152 1619 1211 aequo
1663 1133 2010 1207 astiterant,
2054 1134 2292 1213 erigere
2337 1134 2405 1193 in

497 1230 685 1289 colles
725 1229 920 1288 aciem
963 1249 1238 1308 coepere,
1270 1238 1511 1290 ceterae
1555 1230 1841 1290 cohortes
1883 1231 2295 1290 aemulatione
2338 1241 2406 1291 et

496 1328 736 1406 impetu
765 1326 1010 1386 conisae
1039 1327 1355 1404 proximos
1378 1346 1652 1406 quosque
1681 1328 1939 1386 caedere
1966 1347 1980 1386 ε
2022 1347 2096 1387 ac
2121 1327 2405 1407 plerique

390 1440 452 1486 15
495 1424 830 1485 semineces
881 1433 988 1482 aut
1044 1423 1274 1501 integri
1314 1423 1718 1483 festinatione
1758 1423 2058 1484 victoriae
2101 1425 2406 1504 relinque-

495 1521 742 1581 bantur.
852 1519 1111 1579 Interim
1170 1520 1449 1599 equitum
1507 1530 1748 1580 turmae
1805 1521 2040 1600 fugere,
2097 1522 2400 1582 covinarii

495 1618 779 1699 peditum
821 1637 886 1677 se
928 1617 1167 1697 proelio
1195 1617 1539 1677 miscuere:
1582 1627 1669 1702 etp*
1690 1637 2043 1698 quanquam
2082 1629 2405 1680 recentem

494 1726 799 1776 terrorem
841 1714 1201 1789 intulerant,
1231 1715 1439 1774 densis
1480 1724 1693 1774 tamen
1735 1716 2007 1775 hostium
2048 1716 2403 1795 agminibus

497 1823 561 1874 et
591 1815 1014 1895 inaequalibus
1042 1815 1192 1874 locis
1219 1816 1595 1891 haerebant3
1634 1815 2015 1895 minimeque
2041 1835 2239 1895 aequa
2267 1835 2402 1876 nos-

388 1926 450 1973 20
490 1912 605 1973 tris
639 1914 771 1993 jam
798 1933 1044 1993 pugnae
1071 1912 1262 1974 facies
1298 1922 1451 1988 erat,
1481 1933 1621 1973 cum
1664 1932 1847 1994 aegre
1889 1913 2055 1975 clivo
2094 1914 2400 1975 instantes

496 2011 680 2073 simul
734 2033 1033 2093 equorum
1088 2012 1449 2093 corporibus
1515 2012 2019 2094 impellerentur3
2087 2033 2160 2075 ac
2213 2034 2400 2095 saepe

495 2112 641 2191 vagi
669 2131 905 2185 curruS,
936 2113 1215 2172 exterriti
1254 2113 1385 2173 sin‘e
1414 2114 1759 2174 rectoribus
1788 2115 1948 2194 equi,
1977 2124 2050 2174 ut
2091 2134 2401 2195 quemque

496 2209 764 2269 formido
794 2210 1036 2283 tulerat,
1066 2220 1451 2272 transversos
1481 2221 1587 2272 aut
1616 2212 1833 2273 obvios
1860 2212 2277 2272 incursabant.

577 2307 673 2366 37.
742 2306 827 2365 Et
857 2306 1161 2381 Britanni,
1192 2308 1293 2387 qui
1333 2309 1538 2369 adhuc
1564 2329 1811 2390 pugnae
1841 2319 2127 2389 expertes
2157 2328 2400 2369 summa

496 2404 747 2465 collium
776 2404 1133 2465 insederant
1160 2415 1224 2467 et
1253 2407 1631 2485 paucitatem
1654 2417 2006 2467 nostrorum
2026 2406 2209 2467 vacui
2237 2426 2402 2486 sper-

497 2504 748 2578 nebant,
772 2503 1029 2584 degredi
1057 2504 1357 2583 paulatim
1382 2514 1445 2563 et
1469 2504 1789 2564 circumire
1811 2513 1993 2584 terga
2012 2504 2398 2564 vincentium

496 2611 848 2682 coeperant,
876 2602 943 2661 ni
971 2603 1035 2661 id
1065 2586 1263 2681 ipsum
1293 2601 1530 2663 veritus
1558 2603 1858 2681 Agricola
1895 2612 2189 2681 quattuor
2230 2600 2401 2680 equi-

388 2712 419 2757 5
494 2708 628 2759 tum
672 2701 818 2773 alas,
862 2700 940 2759 ad
984 2700 1190 2759 subita
1225 2699 1376 2758 belli
1424 2708 1716 2772 retentas,
1761 2699 2156 2760 venientibus
2206 2719 2400 2778 oppo-

497 2796 735 2869 suisset,
765 2806 1118 2875 quantoque
1148 2796 1413 2854 ferocius
1455 2804 1947 2869 accucurrerant,
1975 2803 2154 2855 tanto
2198 2795 2400 2855 acrius

495 2894 704 2972 pulsos
744 2891 809 2952 in
851 2894 1062 2971 fugam
1106 2891 1465 2971 disjecisset.
1548 2891 1665 2951 Ita·
1704 2892 2028 2952 consilium
2070 2892 2401 2953 Britanno-

496 3010 633 3048 rum
663 2989 724 3048 in
756 2990 920 3068 ipsos
947 3010 1213 3063 versum,
1239 2998 1754 3068 transvectaeque
1792 2998 2128 3068 praecepto
2158 2989 2332 3048 ducis
2361 3008 2400 3048 a

494 3086 702 3146 fronte
732 3087 1139 3166 pugnantium
1181 3086 1311 3146 alae
1355 3105 1637 3145 aversam
1677 3086 1949 3146 hostium
1993 3086 2190 3146 aciem
2230 3085 2400 3145 inva-

390 3196 452 3242 10
494 3202 644 3242 sere.
722 3184 883 3243 Tum
913 3204 1063 3244 vero
1092 3183 1453 3263 patentibus
1481 3182 1634 3242 locis
1662 3183 1897 3261 grande
1927 3192 1990 3242 et
2021 3193 2202 3242 atrox
2231 3201 2400 3261 spec-

495 3280 806 3340 taculum:
848 3282 1039 3360 sequi,
1083 3281 1430 3352 vulnerare,
1478 3299 1714 3358 capere,
1760 3288 1944 3358 atque
1995 3280 2249 3340 eosdem
2295 3279 2399 3338 ob-

495 3376 638 3436 latis
706 3377 843 3438 aliis
911 3378 1245 3438 trucidare.
1341 3377 1488 3437 Jam
1557 3376 1848 3447 hostium,
1917 3385 2106 3454 prout
2174 3376 2399 3455 cuique

494 3472 812 3551 ingenium
856 3484 1005 3546 erat,
1035 3484 1321 3533 catervae
1366 3481 1744 3532 armatorum
1785 3472 2178 3550 paucioribus
2217 3480 2398 3550 terga
2491 3550 2499 3557 ·

495 3577 826 3644 praestare,
882 3569 1135 3646 quidam
1187 3570 1454 3628 inermes
1508 3570 1674 3628 ultro
1729 3588 1907 3628 ruere
1962 3588 2035 3628 ac
2087 3589 2153 3629 se
2208 3568 2399 3629 morti
