2738 4048
382 213 465 276 62
1034 229 1428 278 EXCERPTA
1471 230 1899 279 TACITIANA.

567 387 662 444 22.
733 385 1031 446 Laudatis
1073 407 1186 466 pro
1230 388 1526 447 concione
1566 389 1926 463 victoribuS,
1971 389 2197 450 Caesar
2250 412 2394 452 con-

484 484 715 562 geriem
747 503 1058 543 armorum
1086 485 1329 558 struxit,
1353 486 1620 564 superbo
1650 505 1791 545 cum
1818 486 2034 546 titulo:
2064 489 2392 550 debellatis

483 580 646 640 inter
676 580 967 640 Rhenum
996 581 1333 659 Albimque
1377 581 1731 644 nationibus
1772 584 2114 643 exercitum
2150 585 2389 645 Tiberii

487 675 764 735 Caesaris
794 696 867 735 ea
908 675 1292 735 monimenta
1320 675 1511 735 Marti
1555 685 1618 735 et
1644 678 1687 738 J
1690 677 1793 736 ovi
1836 687 1900 737 et
1927 680 2219 758 Augusto
2261 701 2389 739 sac-

378 785 408 830 5
483 773 734 832 ravisse.
817 773 915 831 De
958 793 1023 841 se
1067 772 1221 831 nihil
1266 773 1532 846 addidit,
1561 783 1734 833 metu
1775 775 2049 834 invidiae
2093 795 2171 834 an
2212 787 2385 837 ratus

485 870 924 928 conscientiam
966 870 1112 929 facti
1156 868 1305 928 satis
1349 888 1501 928 esse.
1586 868 1738 929 Mox
1778 870 2012 930 bellum
2051 872 2116 930 in
2159 873 2387 951 Angri-

484 965 685 1024 varios
713 967 1011 1026 Stertinio
1042 967 1319 1039 mandat,
1341 966 1409 1025 ni
1437 966 1823 1026 deditionem
1850 969 2382 1046 properavissent:

482 1070 664 1139 atque
718 1062 812 1122 illi
866 1065 1174 1143 supplices
1222 1064 1378 1124 nihil
1431 1064 1760 1123 abnuendo
1810 1064 2058 1123 veniam
2106 1066 2384 1126 omnium

482 1177 790 1237 accepere.

562 1257 657 1315 23.
731 1257 855 1316 Sed
899 1268 1133 1319 aestate
1172 1263 1304 1340 jam
1346 1261 1562 1320 adulta
1601 1259 1919 1339 legionum
1962 1264 2114 1324 aliae
2155 1265 2378 1326 itinere

478 1354 757 1412 terrestri
799 1354 863 1413 in
901 1355 1299 1416 hibernacula
1328 1359 1652 1431 remissae3
1695 1359 1903 1436 plures
1935 1360 2159 1420 Caesar
2202 1363 2379 1424 classi

476 1448 797 1528 impositas
850 1472 962 1530 per
1007 1453 1233 1514 flumen
1284 1456 1590 1515 Amisiam
1640 1454 1889 1514 Oceano
1938 1455 2198 1518 invexit.
2279 1460 2379 1522 Ac

474 1547 673 1626 primo
698 1548 1011 1626 placidum
1041 1571 1269 1630 aequor
1296 1553 1441 1612 mile
1472 1553 1724 1613 navium
1751 1552 1938 1612 remis
1968 1563 2240 1633 strepere
2271 1570 2378 1617 aut

367 1656 398 1701 5
473 1645 628 1704 velis
669 1645 937 1725 impelli:
987 1670 1133 1709 mox
1176 1659 1309 1709 atro
1356 1651 1613 1710 nubium
1650 1652 1835 1730 globo
1880 1649 2077 1710 effusa
2115 1655 2376 1731 grando,

473 1742 654 1801 simul
692 1744 880 1804 variis
921 1747 1194 1825 undique
1234 1748 1521 1825 procellis
1564 1748 1786 1807 incerti
1826 1748 2051 1807 fluctus
2089 1769 2376 1828 prospec-

474 1847 609 1897 tum
654 1840 946 1915 adimere,
976 1844 1250 1922 regimen
1279 1845 1626 1923 impedire3
1671 1847 1966 1927 milesque
2012 1851 2280 1929 pavidus
2309 1862 2375 1914 et

473 1954 720 1994 casuum
750 1938 936 1996 maris
966 1939 1216 2016 ignarus
1247 1942 1397 2000 dum
1426 1945 1637 2002 turbat
1668 1954 1886 2005 nautas
1916 1948 2016 2006 vel
2046 1948 2375 2031 intempes-

471 2030 600 2089 tive
647 2032 850 2109 juvat,
908 2036 1106 2094 officia
1161 2039 1562 2115 prudentium
1619 2050 2068 2126 corrumpebat.
2169 2052 2371 2111 Omne

364 2140 425 2185 10
469 2127 695 2186 dehinc
743 2130 978 2189 caelum
1021 2142 1084 2192 et
1133 2154 1300 2192 mare
1351 2156 1533 2196 omne
1583 2140 1648 2199 in
1696 2154 1971 2224 austrum
2017 2148 2220 2222 cessit,
2266 2149 2373 2228 qui

434 2223 738 2283 ,humidis
770 2225 1135 2287 Germaniae
1168 2232 1366 2306 terris,
1390 2236 1715 2314 profundis
1745 2231 2046 2318 amnibus}
2070 2246 2372 2306 immenso

469 2319 726 2378 nubium
776 2331 980 2383 tractu
1021 2327 1282 2402 validuS,
1335 2340 1399 2390 et
1443 2332 1645 2412 rigore
1698 2337 1881 2399 vicini
1934 2343 2371 2420 septentrionis

467 2416 795 2493 horridior,
819 2422 1024 2499 rapuit
1056 2424 1418 2506 disjecitque
1450 2450 1638 2491 naves
1669 2434 1731 2494 in
1764 2449 1979 2515 aperta
1998 2438 2231 2498 Oceani
2262 2450 2371 2500 aut

464 2513 694 2575 insulas
748 2517 912 2578 saxis
957 2521 1231 2601 abruptis
1273 2526 1376 2583 vel
1425 2547 1535 2604 per
1584 2531 1829 2591 occulta
1871 2535 2034 2593 vada
2087 2535 2367 2597 infestas,

359 2625 420 2671 15
467 2611 706 2684 Quibus
761 2618 1014 2693 paulum
1068 2638 1371 2701 aegreque
1418 2624 1652 2699 vitatiS,
1699 2638 2029 2709 postquam
2083 2633 2368 2694 mutabat

464 2718 669 2770 aestus
719 2713 1058 2793 eodemque
1106 2738 1226 2796 quo
1272 2730 1499 2780 ventus
1541 2724 1802 2798 ferebat,
1850 2747 1974 2785 non
2031 2728 2365 2789 adhaerere

463 2808 722 2881 ancoriS,
778 2830 903 2869 non
959 2814 1282 2876 exhaurire
1339 2818 1740 2897 irrumpentis
1808 2824 2006 2883 undas
2042 2812 2368 2902 poterant:

462 2904 622 2983 equi,
643 2906 945 2984 jumenta,
970 2911 1261 2987 sarcinae,
1286 2915 1476 2974 etiam
1506 2936 1678 2975 arma
1706 2920 2211 2998 praecipitantur,
2242 2944 2365 3003 quo

460 3001 815 3063 levarentur
843 3007 1028 3083 alvei,
1059 3020 1386 3071 manantes
1428 3033 1539 3091 per
1581 3015 1776 3075 latera
1819 3026 1882 3076 et
1923 3018 2117 3077 fluctu
2159 3039 2367 3098 super-

353 3111 414 3156 20
463 3109 742 3176 urgente.

539 3196 634 3254 24.
708 3198 958 3270 Quanto
997 3202 1331 3263 violentior
1375 3215 1581 3265 cetero
1623 3208 1776 3266 mari
1806 3210 2092 3270 Oceanus
2134 3219 2199 3270 et
2238 3221 2365 3271 tru-

460 3292 732 3352 culentia
782 3298 936 3357 caeli
982 3310 1259 3379 praestat
1302 3301 1651 3376 Germania,
1695 3314 1939 3364 tantum
1994 3307 2102 3365 illa
2157 3308 2363 3368 clades

457 3388 739 3449 novitate
798 3404 860 3453 et
914 3397 1342 3475 magnitudine
1407 3399 1689 3475 excessit,
1744 3402 2071 3462 hostilibus
2130 3404 2361 3464 circum

456 3487 759 3563 litoribus),
791 3500 898 3549 aut
927 3493 1016 3551 ita
1043 3504 1221 3554 vasto
1259 3505 1323 3555 et
1356 3494 1693 3572 profundO,
1721 3505 1790 3555 ut
1833 3499 2121 3557 credatur
2159 3501 2360 3560 novis-
