<?xml version="1.0" encoding="UTF-8"?>
<!DOCTYPE html PUBLIC "-//W3C//DTD XHTML 1.0 Transitional//EN"
    "http://www.w3.org/TR/xhtml1/DTD/xhtml1-transitional.dtd">
<html xmlns="http://www.w3.org/1999/xhtml" xml:lang="en" lang="en">
 <head>
  <title>
</title>
<meta http-equiv="Content-Type" content="text/html;charset=utf-8" />
  <meta name='ocr-system' content='tesseract 3.04.00' />
  <meta name='ocr-capabilities' content='ocr_page ocr_carea ocr_par ocr_line ocrx_word'/>
</head>
<body>
  <div class='ocr_page' id='page_1' title='image "./excerptatacitia00chamgoog_0087.png"; bbox 0 0 2738 4048; ppageno 0'>
   <div class='ocr_carea' id='block_1_1' title="bbox 812 253 1892 315">
    <p class='ocr_par' dir='ltr' id='par_1_1' title="bbox 812 253 1892 315">
     <span class='ocr_line' id='line_1_1' title="bbox 812 253 1892 315; baseline -0.003 -10"><span class='ocrx_word' id='word_1_1' title='bbox 812 256 1217 305; x_wconf 78' lang='lat' dir='ltr'>ANNALIUM</span> <span class='ocrx_word' id='word_1_2' title='bbox 1257 255 1481 302; x_wconf 69' lang='grc' dir='ltr'>ῌΒΕΒ</span> <span class='ocrx_word' id='word_1_3' title='bbox 1527 253 1892 315; x_wconf 75' lang='lat' dir='ltr'><strong>QUARTUS.</strong></span> 
     </span>
    </p>
   </div>
   <div class='ocr_carea' id='block_1_2' title="bbox 367 412 2276 2924">
    <p class='ocr_par' dir='ltr' id='par_1_2' title="bbox 367 412 2273 982">
     <span class='ocr_line' id='line_1_2' title="bbox 367 412 2270 496; baseline -0.003 -20"><span class='ocrx_word' id='word_1_4' title='bbox 367 417 560 496; x_wconf 76' lang='lat' dir='ltr'>legeS,</span> <span class='ocrx_word' id='word_1_5' title='bbox 594 415 791 494; x_wconf 89' lang='lat' dir='ltr'>plebis</span> <span class='ocrx_word' id='word_1_6' title='bbox 833 423 897 475; x_wconf 92' lang='lat' dir='ltr'>et</span> <span class='ocrx_word' id='word_1_7' title='bbox 939 415 1336 493; x_wconf 89' lang='lat' dir='ltr'>optimatium</span> <span class='ocrx_word' id='word_1_8' title='bbox 1385 413 1727 473; x_wconf 87' lang='lat' dir='ltr'>certamina</span> <span class='ocrx_word' id='word_1_9' title='bbox 1771 412 1970 471; x_wconf 88' lang='lat' dir='ltr'>libero</span> <span class='ocrx_word' id='word_1_10' title='bbox 2018 430 2270 490; x_wconf 87' lang='lat' dir='ltr'>egressu</span> 
     </span>
     <span class='ocr_line' id='line_1_3' title="bbox 368 510 2272 589; baseline -0.003 -15"><span class='ocrx_word' id='word_1_11' title='bbox 368 514 797 574; x_wconf 80' lang='lat' dir='ltr'>memorabant</span> <span class='ocrx_word' id='word_1_12' title='bbox 823 533 838 571; x_wconf 90' lang='lat'><strong>:</strong></span> <span class='ocrx_word' id='word_1_13' title='bbox 880 513 1058 572; x_wconf 89' lang='lat' dir='ltr'>nobis</span> <span class='ocrx_word' id='word_1_14' title='bbox 1088 513 1154 571; x_wconf 91' lang='lat' dir='ltr'>in</span> <span class='ocrx_word' id='word_1_15' title='bbox 1185 522 1321 572; x_wconf 86' lang='lat' dir='ltr'>arto</span> <span class='ocrx_word' id='word_1_16' title='bbox 1352 521 1416 571; x_wconf 92' lang='lat' dir='ltr'>et</span> <span class='ocrx_word' id='word_1_17' title='bbox 1444 511 1745 589; x_wconf 85' lang='lat' dir='ltr'>inglorius</span> <span class='ocrx_word' id='word_1_18' title='bbox 1773 510 1948 569; x_wconf 90' lang='lat' dir='ltr'>labor</span> <span class='ocrx_word' id='word_1_19' title='bbox 1965 529 1983 584; x_wconf 89' lang='lat'>;</span> <span class='ocrx_word' id='word_1_20' title='bbox 2009 510 2272 568; x_wconf 90' lang='lat' dir='ltr'>immota</span> 
     </span>
     <span class='ocr_line' id='line_1_4' title="bbox 369 605 2273 692; baseline -0.003 -21"><span class='ocrx_word' id='word_1_21' title='bbox 369 613 598 692; x_wconf 86' lang='lat' dir='ltr'>quippe</span> <span class='ocrx_word' id='word_1_22' title='bbox 629 620 737 670; x_wconf 92' lang='lat' dir='ltr'>aut</span> <span class='ocrx_word' id='word_1_23' title='bbox 765 609 1009 669; x_wconf 90' lang='lat' dir='ltr'>modice</span> <span class='ocrx_word' id='word_1_24' title='bbox 1048 609 1331 668; x_wconf 90' lang='lat' dir='ltr'>lacessita</span> <span class='ocrx_word' id='word_1_25' title='bbox 1371 626 1513 686; x_wconf 85' lang='lat' dir='ltr'>pax,</span> <span class='ocrx_word' id='word_1_26' title='bbox 1542 616 1814 666; x_wconf 89' lang='lat' dir='ltr'>maestae</span> <span class='ocrx_word' id='word_1_27' title='bbox 1857 605 2026 665; x_wconf 88' lang='lat' dir='ltr'>urbis</span> <span class='ocrx_word' id='word_1_28' title='bbox 2067 625 2166 665; x_wconf 91' lang='lat' dir='ltr'>res</span> <span class='ocrx_word' id='word_1_29' title='bbox 2208 615 2273 665; x_wconf 92' lang='lat' dir='ltr'>et</span> 
     </span>
     <span class='ocr_line' id='line_1_5' title="bbox 368 703 2271 789; baseline -0.004 -21"><span class='ocrx_word' id='word_1_30' title='bbox 368 709 657 789; x_wconf 87' lang='lat' dir='ltr'>princeps</span> <span class='ocrx_word' id='word_1_31' title='bbox 678 705 1039 786; x_wconf 89' lang='lat' dir='ltr'>proferendi</span> <span class='ocrx_word' id='word_1_32' title='bbox 1068 704 1292 784; x_wconf 90' lang='lat' dir='ltr'>imperi</span> <span class='ocrx_word' id='word_1_33' title='bbox 1314 703 1659 763; x_wconf 87' lang='lat' dir='ltr'>incuriosus</span> <span class='ocrx_word' id='word_1_34' title='bbox 1681 712 1833 762; x_wconf 85' lang='lat' dir='ltr'>erat.</span> <span class='ocrx_word' id='word_1_35' title='bbox 1889 703 2037 761; x_wconf 92' lang='lat' dir='ltr'>Non</span> <span class='ocrx_word' id='word_1_36' title='bbox 2061 712 2271 761; x_wconf 87' lang='lat' dir='ltr'>tamen</span> 
     </span>
     <span class='ocr_line' id='line_1_6' title="bbox 368 798 2270 881; baseline -0.005 -15"><span class='ocrx_word' id='word_1_37' title='bbox 368 807 500 867; x_wconf 87' lang='lat' dir='ltr'>sine</span> <span class='ocrx_word' id='word_1_38' title='bbox 529 825 645 865; x_wconf 90' lang='lat' dir='ltr'>usu</span> <span class='ocrx_word' id='word_1_39' title='bbox 670 804 857 864; x_wconf 87' lang='lat' dir='ltr'>fuerit</span> <span class='ocrx_word' id='word_1_40' title='bbox 885 802 1289 881; x_wconf 75' lang='lat' dir='ltr'>introspicere</span> <span class='ocrx_word' id='word_1_41' title='bbox 1317 801 1427 860; x_wconf 89' lang='lat' dir='ltr'>illa</span> <span class='ocrx_word' id='word_1_42' title='bbox 1456 800 1658 879; x_wconf 90' lang='lat' dir='ltr'>primo</span> <span class='ocrx_word' id='word_1_43' title='bbox 1690 811 1945 878; x_wconf 91' lang='lat' dir='ltr'>aspectu</span> <span class='ocrx_word' id='word_1_44' title='bbox 1980 798 2162 873; x_wconf 89' lang='lat' dir='ltr'>levia,</span> <span class='ocrx_word' id='word_1_45' title='bbox 2191 818 2270 858; x_wconf 85' lang='lat' dir='ltr'>ex</span> 
     </span>
     <span class='ocr_line' id='line_1_7' title="bbox 369 896 1922 982; baseline -0.006 -19"><span class='ocrx_word' id='word_1_46' title='bbox 369 904 505 982; x_wconf 87' lang='lat' dir='ltr'>quis</span> <span class='ocrx_word' id='word_1_47' title='bbox 534 921 898 981; x_wconf 84' lang='lat' dir='ltr'>magnarum</span> <span class='ocrx_word' id='word_1_48' title='bbox 927 919 1109 978; x_wconf 84' lang='lat' dir='ltr'>saepe</span> <span class='ocrx_word' id='word_1_49' title='bbox 1139 918 1349 957; x_wconf 88' lang='lat' dir='ltr'>rerum</span> <span class='ocrx_word' id='word_1_50' title='bbox 1379 906 1588 956; x_wconf 90' lang='lat' dir='ltr'>motus</span> <span class='ocrx_word' id='word_1_51' title='bbox 1617 896 1922 955; x_wconf 89' lang='lat' dir='ltr'>oriuntur.</span> 
     </span>
    </p>

    <p class='ocr_par' dir='ltr' id='par_1_3' title="bbox 367 992 2276 2924">
     <span class='ocr_line' id='line_1_8' title="bbox 449 992 2271 1071; baseline -0.005 -11"><span class='ocrx_word' id='word_1_52' title='bbox 449 1002 543 1060; x_wconf 86' lang='lat'>33.</span> <span class='ocrx_word' id='word_1_53' title='bbox 612 999 779 1058; x_wconf 91' lang='lat' dir='ltr'>Nam</span> <span class='ocrx_word' id='word_1_54' title='bbox 829 1007 1080 1058; x_wconf 90' lang='lat' dir='ltr'>cunctas</span> <span class='ocrx_word' id='word_1_55' title='bbox 1136 994 1421 1055; x_wconf 88' lang='lat' dir='ltr'>nationes</span> <span class='ocrx_word' id='word_1_56' title='bbox 1479 1002 1545 1052; x_wconf 91' lang='lat' dir='ltr'>et</span> <span class='ocrx_word' id='word_1_57' title='bbox 1601 993 1784 1052; x_wconf 92' lang='lat' dir='ltr'>urbes</span> <span class='ocrx_word' id='word_1_58' title='bbox 1840 992 2106 1071; x_wconf 90' lang='lat' dir='ltr'>populus</span> <span class='ocrx_word' id='word_1_59' title='bbox 2162 1001 2271 1052; x_wconf 90' lang='lat' dir='ltr'>aut</span> 
     </span>
     <span class='ocr_line' id='line_1_9' title="bbox 368 1082 2273 1176; baseline -0.004 -21"><span class='ocrx_word' id='word_1_60' title='bbox 368 1098 671 1176; x_wconf 87' lang='lat' dir='ltr'>primores</span> <span class='ocrx_word' id='word_1_61' title='bbox 709 1106 817 1156; x_wconf 91' lang='lat' dir='ltr'>aut</span> <span class='ocrx_word' id='word_1_62' title='bbox 858 1095 1083 1175; x_wconf 84' lang='lat' dir='ltr'>singuli</span> <span class='ocrx_word' id='word_1_63' title='bbox 1127 1101 1391 1172; x_wconf 85' lang='lat' dir='ltr'>regunt:</span> <span class='ocrx_word' id='word_1_64' title='bbox 1433 1082 1678 1150; x_wconf 79' lang='lat' dir='ltr'>delecta</span> <span class='ocrx_word' id='word_1_65' title='bbox 1719 1109 1796 1148; x_wconf 90' lang='lat' dir='ltr'>ex</span> <span class='ocrx_word' id='word_1_66' title='bbox 1837 1089 1913 1149; x_wconf 87' lang='lat' dir='ltr'>iis</span> <span class='ocrx_word' id='word_1_67' title='bbox 1955 1097 2019 1149; x_wconf 90' lang='lat' dir='ltr'>et</span> <span class='ocrx_word' id='word_1_68' title='bbox 2041 1107 2273 1149; x_wconf 76' lang='lat' dir='ltr'>&#39;conso-</span> 
     </span>
     <span class='ocr_line' id='line_1_10' title="bbox 368 1185 2270 1272; baseline -0.005 -18"><span class='ocrx_word' id='word_1_69' title='bbox 368 1195 531 1254; x_wconf 86' lang='lat' dir='ltr'>ciata</span> <span class='ocrx_word' id='word_1_70' title='bbox 566 1193 941 1272; x_wconf 87' lang='lat' dir='ltr'>reipublicae</span> <span class='ocrx_word' id='word_1_71' title='bbox 982 1192 1186 1251; x_wconf 88' lang='lat' dir='ltr'>forma</span> <span class='ocrx_word' id='word_1_72' title='bbox 1225 1186 1470 1249; x_wconf 89' lang='lat' dir='ltr'>laudari</span> <span class='ocrx_word' id='word_1_73' title='bbox 1505 1185 1750 1246; x_wconf 88' lang='lat' dir='ltr'>facilius</span> <span class='ocrx_word' id='word_1_74' title='bbox 1779 1205 1965 1264; x_wconf 90' lang='lat' dir='ltr'>quam</span> <span class='ocrx_word' id='word_1_75' title='bbox 1999 1186 2270 1259; x_wconf 90' lang='lat' dir='ltr'>evenire,</span> 
     </span>
     <span class='ocr_line' id='line_1_11' title="bbox 367 1281 2270 1365; baseline -0.006 -14"><span class='ocrx_word' id='word_1_76' title='bbox 367 1292 470 1352; x_wconf 87' lang='lat' dir='ltr'>vel</span> <span class='ocrx_word' id='word_1_77' title='bbox 499 1291 551 1351; x_wconf 91' lang='lat' dir='ltr'>si</span> <span class='ocrx_word' id='word_1_78' title='bbox 580 1291 809 1364; x_wconf 90' lang='lat' dir='ltr'>evenit,</span> <span class='ocrx_word' id='word_1_79' title='bbox 838 1290 1006 1350; x_wconf 91' lang='lat' dir='ltr'>haud</span> <span class='ocrx_word' id='word_1_80' title='bbox 1034 1291 1329 1350; x_wconf 90' lang='lat' dir='ltr'>diuturna</span> <span class='ocrx_word' id='word_1_81' title='bbox 1359 1307 1490 1348; x_wconf 87' lang='lat' dir='ltr'>esse</span> <span class='ocrx_word' id='word_1_82' title='bbox 1514 1293 1741 1365; x_wconf 88' lang='lat' dir='ltr'>potest.</span> <span class='ocrx_word' id='word_1_83' title='bbox 1800 1281 2006 1360; x_wconf 80' lang='lat' dir='ltr'>Igitur</span> <span class='ocrx_word' id='word_1_84' title='bbox 2028 1292 2098 1341; x_wconf 94' lang='lat' dir='ltr'>ut</span> <span class='ocrx_word' id='word_1_85' title='bbox 2119 1282 2270 1341; x_wconf 93' lang='lat' dir='ltr'>olim</span> 
     </span>
     <span class='ocr_line' id='line_1_12' title="bbox 367 1374 2266 1469; baseline -0.007 -21"><span class='ocrx_word' id='word_1_86' title='bbox 367 1390 547 1469; x_wconf 90' lang='lat' dir='ltr'>plebe</span> <span class='ocrx_word' id='word_1_87' title='bbox 575 1389 804 1461; x_wconf 87' lang='lat' dir='ltr'>valida,</span> <span class='ocrx_word' id='word_1_88' title='bbox 833 1388 934 1448; x_wconf 92' lang='lat' dir='ltr'>vel</span> <span class='ocrx_word' id='word_1_89' title='bbox 967 1408 1107 1448; x_wconf 89' lang='lat' dir='ltr'>cum</span> <span class='ocrx_word' id='word_1_90' title='bbox 1141 1397 1348 1467; x_wconf 89' lang='lat' dir='ltr'>patres</span> <span class='ocrx_word' id='word_1_91' title='bbox 1391 1386 1717 1465; x_wconf 90' lang='lat' dir='ltr'>pollerent,</span> <span class='ocrx_word' id='word_1_92' title='bbox 1748 1380 2063 1440; x_wconf 87' lang='lat' dir='ltr'>noscenda</span> <span class='ocrx_word' id='word_1_93' title='bbox 2091 1374 2266 1459; x_wconf 83' lang='lat' dir='ltr'>vulgi</span> 
     </span>
     <span class='ocr_line' id='line_1_13' title="bbox 367 1480 2270 1564; baseline -0.004 -20"><span class='ocrx_word' id='word_1_94' title='bbox 367 1495 591 1545; x_wconf 89' lang='lat' dir='ltr'>natura</span> <span class='ocrx_word' id='word_1_95' title='bbox 613 1495 676 1545; x_wconf 93' lang='lat' dir='ltr'>et</span> <span class='ocrx_word' id='word_1_96' title='bbox 698 1486 918 1564; x_wconf 89' lang='lat' dir='ltr'>quibus</span> <span class='ocrx_word' id='word_1_97' title='bbox 945 1485 1148 1545; x_wconf 92' lang='lat' dir='ltr'>modis</span> <span class='ocrx_word' id='word_1_98' title='bbox 1177 1493 1600 1564; x_wconf 75' lang='lat' dir='ltr'>temperanter</span> <span class='ocrx_word' id='word_1_99' title='bbox 1623 1480 1976 1551; x_wconf 87' lang='lat' dir='ltr'>haberetur,</span> <span class='ocrx_word' id='word_1_100' title='bbox 1998 1486 2270 1537; x_wconf 89' lang='lat' dir='ltr'>senatus-</span> 
     </span>
     <span class='ocr_line' id='line_1_14' title="bbox 370 1574 2268 1663; baseline -0.006 -21"><span class='ocrx_word' id='word_1_101' title='bbox 370 1602 488 1663; x_wconf 91' lang='lat' dir='ltr'>que</span> <span class='ocrx_word' id='word_1_102' title='bbox 519 1593 584 1642; x_wconf 89' lang='lat' dir='ltr'>et</span> <span class='ocrx_word' id='word_1_103' title='bbox 611 1583 1009 1661; x_wconf 89' lang='lat' dir='ltr'>optimatium</span> <span class='ocrx_word' id='word_1_104' title='bbox 1045 1583 1297 1661; x_wconf 86' lang='lat' dir='ltr'>ingenia</span> <span class='ocrx_word' id='word_1_105' title='bbox 1325 1581 1433 1662; x_wconf 93' lang='lat' dir='ltr'>qui</span> <span class='ocrx_word' id='word_1_106' title='bbox 1474 1578 1742 1640; x_wconf 85' lang='lat' dir='ltr'>maxime</span> <span class='ocrx_word' id='word_1_107' title='bbox 1785 1574 2268 1655; x_wconf 80' lang='lat' dir='ltr'>perdidicerant,</span> 
     </span>
     <span class='ocr_line' id='line_1_15' title="bbox 369 1676 2268 1759; baseline -0.003 -21"><span class='ocrx_word' id='word_1_108' title='bbox 369 1680 579 1739; x_wconf 85' lang='lat' dir='ltr'>callidi</span> <span class='ocrx_word' id='word_1_109' title='bbox 606 1690 957 1759; x_wconf 88' lang='lat' dir='ltr'>temporum</span> <span class='ocrx_word' id='word_1_110' title='bbox 980 1690 1043 1740; x_wconf 90' lang='lat' dir='ltr'>et</span> <span class='ocrx_word' id='word_1_111' title='bbox 1065 1681 1374 1759; x_wconf 86' lang='lat' dir='ltr'>sapientes</span> <span class='ocrx_word' id='word_1_112' title='bbox 1398 1678 1829 1750; x_wconf 77' lang='lat' dir='ltr'>credebantur,</span> <span class='ocrx_word' id='word_1_113' title='bbox 1853 1676 1942 1735; x_wconf 88' lang='lat' dir='ltr'>sic</span> <span class='ocrx_word' id='word_1_114' title='bbox 1968 1694 2268 1758; x_wconf 69' lang='lat' dir='ltr'>converso</span> 
     </span>
     <span class='ocr_line' id='line_1_16' title="bbox 369 1777 2270 1856; baseline 0.001 -20"><span class='ocrx_word' id='word_1_115' title='bbox 369 1786 539 1837; x_wconf 88' lang='lat' dir='ltr'>statu</span> <span class='ocrx_word' id='word_1_116' title='bbox 578 1797 777 1856; x_wconf 91' lang='lat' dir='ltr'>neque</span> <span class='ocrx_word' id='word_1_117' title='bbox 820 1777 940 1836; x_wconf 92' lang='lat' dir='ltr'>alia</span> <span class='ocrx_word' id='word_1_118' title='bbox 979 1797 1047 1837; x_wconf 91' lang='lat' dir='ltr'>re</span> <span class='ocrx_word' id='word_1_119' title='bbox 1079 1778 1365 1838; x_wconf 88' lang='lat' dir='ltr'>Romana</span> <span class='ocrx_word' id='word_1_120' title='bbox 1410 1797 1594 1855; x_wconf 90' lang='lat' dir='ltr'>quam</span> <span class='ocrx_word' id='word_1_121' title='bbox 1637 1777 1689 1838; x_wconf 91' lang='lat' dir='ltr'>si</span> <span class='ocrx_word' id='word_1_122' title='bbox 1732 1797 1888 1837; x_wconf 89' lang='lat' dir='ltr'>unus</span> <span class='ocrx_word' id='word_1_123' title='bbox 1930 1777 2270 1855; x_wconf 88' lang='lat' dir='ltr'>imperitet,</span> 
     </span>
     <span class='ocr_line' id='line_1_17' title="bbox 369 1874 2276 1954; baseline 0 -20"><span class='ocrx_word' id='word_1_124' title='bbox 369 1875 522 1934; x_wconf 88' lang='lat' dir='ltr'>haec</span> <span class='ocrx_word' id='word_1_125' title='bbox 551 1874 829 1953; x_wconf 83' lang='lat' dir='ltr'>conquiri</span> <span class='ocrx_word' id='word_1_126' title='bbox 867 1875 1154 1953; x_wconf 84' lang='lat' dir='ltr'>tradique</span> <span class='ocrx_word' id='word_1_127' title='bbox 1197 1874 1263 1933; x_wconf 93' lang='lat' dir='ltr'>in</span> <span class='ocrx_word' id='word_1_128' title='bbox 1304 1894 1439 1933; x_wconf 91' lang='lat' dir='ltr'>rem</span> <span class='ocrx_word' id='word_1_129' title='bbox 1480 1874 1690 1948; x_wconf 90' lang='lat' dir='ltr'>fuerit,</span> <span class='ocrx_word' id='word_1_130' title='bbox 1723 1875 1870 1954; x_wconf 89' lang='lat' dir='ltr'>quia</span> <span class='ocrx_word' id='word_1_131' title='bbox 1909 1874 2092 1953; x_wconf 91' lang='lat' dir='ltr'>pauci</span> <span class='ocrx_word' id='word_1_132' title='bbox 2135 1895 2276 1953; x_wconf 90' lang='lat' dir='ltr'>pru-</span> 
     </span>
     <span class='ocr_line' id='line_1_18' title="bbox 371 1971 2273 2046; baseline 0.001 -15"><span class='ocrx_word' id='word_1_133' title='bbox 371 1972 584 2032; x_wconf 88' lang='lat' dir='ltr'>dentia</span> <span class='ocrx_word' id='word_1_134' title='bbox 611 1973 871 2033; x_wconf 89' lang='lat' dir='ltr'>honesta</span> <span class='ocrx_word' id='word_1_135' title='bbox 899 1972 976 2032; x_wconf 93' lang='lat' dir='ltr'>ab</span> <span class='ocrx_word' id='word_1_136' title='bbox 1006 1971 1434 2046; x_wconf 76' lang='lat' dir='ltr'>deterioribuS,</span> <span class='ocrx_word' id='word_1_137' title='bbox 1463 1971 1642 2032; x_wconf 89' lang='lat' dir='ltr'>utilia</span> <span class='ocrx_word' id='word_1_138' title='bbox 1683 1972 1760 2033; x_wconf 89' lang='lat' dir='ltr'>ab</span> <span class='ocrx_word' id='word_1_139' title='bbox 1802 1972 2005 2034; x_wconf 90' lang='lat' dir='ltr'>noxiis</span> <span class='ocrx_word' id='word_1_140' title='bbox 2049 1972 2273 2034; x_wconf 89' lang='lat' dir='ltr'>discer-</span> 
     </span>
     <span class='ocr_line' id='line_1_19' title="bbox 369 2070 2272 2148; baseline 0.001 -19"><span class='ocrx_word' id='word_1_141' title='bbox 369 2078 546 2143; x_wconf 90' lang='lat' dir='ltr'>nunt,</span> <span class='ocrx_word' id='word_1_142' title='bbox 588 2070 797 2148; x_wconf 88' lang='lat' dir='ltr'>plures</span> <span class='ocrx_word' id='word_1_143' title='bbox 844 2070 1107 2129; x_wconf 88' lang='lat' dir='ltr'>aliorum</span> <span class='ocrx_word' id='word_1_144' title='bbox 1155 2070 1398 2129; x_wconf 90' lang='lat' dir='ltr'>eventis</span> <span class='ocrx_word' id='word_1_145' title='bbox 1447 2070 1770 2130; x_wconf 85' lang='lat' dir='ltr'>docentur.</span> <span class='ocrx_word' id='word_1_146' title='bbox 1858 2071 2150 2132; x_wconf 85' lang='lat' dir='ltr'>Ceterum</span> <span class='ocrx_word' id='word_1_147' title='bbox 2199 2079 2272 2131; x_wconf 93' lang='lat' dir='ltr'>ut</span> 
     </span>
     <span class='ocr_line' id='line_1_20' title="bbox 368 2166 2271 2245; baseline 0.001 -20"><span class='ocrx_word' id='word_1_148' title='bbox 368 2167 709 2245; x_wconf 87' lang='lat' dir='ltr'>profutura,</span> <span class='ocrx_word' id='word_1_149' title='bbox 752 2167 842 2226; x_wconf 90' lang='lat' dir='ltr'>ita</span> <span class='ocrx_word' id='word_1_150' title='bbox 881 2166 1207 2225; x_wconf 89' lang='lat' dir='ltr'>minimum</span> <span class='ocrx_word' id='word_1_151' title='bbox 1248 2166 1681 2227; x_wconf 89' lang='lat' dir='ltr'>oblectationis</span> <span class='ocrx_word' id='word_1_152' title='bbox 1728 2167 2019 2229; x_wconf 84' lang='lat' dir='ltr'>afferunt.</span> <span class='ocrx_word' id='word_1_153' title='bbox 2102 2168 2271 2227; x_wconf 90' lang='lat' dir='ltr'>Nam</span> 
     </span>
     <span class='ocr_line' id='line_1_21' title="bbox 369 2263 2274 2342; baseline 0.001 -19"><span class='ocrx_word' id='word_1_154' title='bbox 369 2263 524 2324; x_wconf 90' lang='lat' dir='ltr'>situs</span> <span class='ocrx_word' id='word_1_155' title='bbox 552 2264 855 2342; x_wconf 86' lang='lat' dir='ltr'>gentium,</span> <span class='ocrx_word' id='word_1_156' title='bbox 883 2264 1217 2323; x_wconf 88' lang='lat' dir='ltr'>varietates</span> <span class='ocrx_word' id='word_1_157' title='bbox 1254 2264 1652 2342; x_wconf 89' lang='lat' dir='ltr'>proeliorum,</span> <span class='ocrx_word' id='word_1_158' title='bbox 1685 2266 1835 2325; x_wconf 89' lang='lat' dir='ltr'>clari</span> <span class='ocrx_word' id='word_1_159' title='bbox 1878 2267 2108 2326; x_wconf 91' lang='lat' dir='ltr'>ducum</span> <span class='ocrx_word' id='word_1_160' title='bbox 2151 2266 2274 2326; x_wconf 87' lang='lat' dir='ltr'>exi-</span> 
     </span>
     <span class='ocr_line' id='line_1_22' title="bbox 368 2361 2273 2440; baseline 0.001 -20"><span class='ocrx_word' id='word_1_161' title='bbox 368 2370 472 2421; x_wconf 90' lang='lat' dir='ltr'>tus</span> <span class='ocrx_word' id='word_1_162' title='bbox 514 2361 786 2421; x_wconf 88' lang='lat' dir='ltr'>retinent</span> <span class='ocrx_word' id='word_1_163' title='bbox 828 2381 899 2421; x_wconf 87' lang='lat' dir='ltr'>ac</span> <span class='ocrx_word' id='word_1_164' title='bbox 939 2361 1376 2438; x_wconf 85' lang='lat' dir='ltr'>redintegrant</span> <span class='ocrx_word' id='word_1_165' title='bbox 1420 2362 1764 2440; x_wconf 86' lang='lat' dir='ltr'>legentium</span> <span class='ocrx_word' id='word_1_166' title='bbox 1806 2363 2118 2423; x_wconf 88' lang='lat' dir='ltr'>animum:</span> <span class='ocrx_word' id='word_1_167' title='bbox 2159 2383 2273 2423; x_wconf 90' lang='lat' dir='ltr'>nos</span> 
     </span>
     <span class='ocr_line' id='line_1_23' title="bbox 370 2458 2272 2538; baseline 0.001 -20"><span class='ocrx_word' id='word_1_168' title='bbox 370 2477 554 2518; x_wconf 88' lang='lat' dir='ltr'>saeva</span> <span class='ocrx_word' id='word_1_169' title='bbox 592 2460 780 2538; x_wconf 86' lang='lat' dir='ltr'>jussa,</span> <span class='ocrx_word' id='word_1_170' title='bbox 811 2458 1134 2517; x_wconf 87' lang='lat' dir='ltr'>continuas</span> <span class='ocrx_word' id='word_1_171' title='bbox 1180 2458 1621 2532; x_wconf 81' lang='lat' dir='ltr'>accusationeS‚</span> <span class='ocrx_word' id='word_1_172' title='bbox 1654 2460 1907 2519; x_wconf 83' lang='lat' dir='ltr'>fallaces</span> <span class='ocrx_word' id='word_1_173' title='bbox 1950 2460 2272 2534; x_wconf 78' lang='lat' dir='ltr'>amicitias,</span> 
     </span>
     <span class='ocr_line' id='line_1_24' title="bbox 370 2554 2275 2635; baseline 0.001 -21"><span class='ocrx_word' id='word_1_174' title='bbox 370 2554 710 2634; x_wconf 89' lang='lat' dir='ltr'>perniciem</span> <span class='ocrx_word' id='word_1_175' title='bbox 741 2554 1169 2615; x_wconf 91' lang='lat' dir='ltr'>innocentium</span> <span class='ocrx_word' id='word_1_176' title='bbox 1197 2564 1261 2614; x_wconf 92' lang='lat' dir='ltr'>et</span> <span class='ocrx_word' id='word_1_177' title='bbox 1291 2555 1543 2615; x_wconf 88' lang='lat' dir='ltr'>easdem</span> <span class='ocrx_word' id='word_1_178' title='bbox 1573 2556 1747 2616; x_wconf 88' lang='lat' dir='ltr'>exitu</span> <span class='ocrx_word' id='word_1_179' title='bbox 1778 2576 1990 2616; x_wconf 82' lang='lat' dir='ltr'>causas</span> <span class='ocrx_word' id='word_1_180' title='bbox 2020 2557 2275 2635; x_wconf 86' lang='lat' dir='ltr'>conjun-</span> 
     </span>
     <span class='ocr_line' id='line_1_25' title="bbox 369 2651 2275 2730; baseline 0.001 -21"><span class='ocrx_word' id='word_1_181' title='bbox 369 2651 592 2730; x_wconf 88' lang='lat' dir='ltr'>gimus,</span> <span class='ocrx_word' id='word_1_182' title='bbox 642 2651 827 2711; x_wconf 87' lang='lat' dir='ltr'>obvia</span> <span class='ocrx_word' id='word_1_183' title='bbox 879 2671 1085 2710; x_wconf 91' lang='lat' dir='ltr'>rerum</span> <span class='ocrx_word' id='word_1_184' title='bbox 1141 2651 1551 2712; x_wconf 87' lang='lat' dir='ltr'>similitudine</span> <span class='ocrx_word' id='word_1_185' title='bbox 1597 2661 1663 2712; x_wconf 87' lang='lat' dir='ltr'>et</span> <span class='ocrx_word' id='word_1_186' title='bbox 1718 2652 2027 2713; x_wconf 89' lang='lat' dir='ltr'>satietate.</span> <span class='ocrx_word' id='word_1_187' title='bbox 2085 2652 2275 2718; x_wconf 65' lang='lat' dir='ltr'>,Tum</span> 
     </span>
     <span class='ocr_line' id='line_1_26' title="bbox 372 2747 2274 2828; baseline 0.001 -22"><span class='ocrx_word' id='word_1_188' title='bbox 372 2748 541 2826; x_wconf 93' lang='lat' dir='ltr'>quod</span> <span class='ocrx_word' id='word_1_189' title='bbox 596 2747 865 2827; x_wconf 89' lang='lat' dir='ltr'>antiquis</span> <span class='ocrx_word' id='word_1_190' title='bbox 921 2749 1322 2827; x_wconf 86' lang='lat' dir='ltr'>scriptoribus</span> <span class='ocrx_word' id='word_1_191' title='bbox 1382 2769 1557 2808; x_wconf 88' lang='lat' dir='ltr'>rarus</span> <span class='ocrx_word' id='word_1_192' title='bbox 1614 2749 2017 2823; x_wconf 90' lang='lat' dir='ltr'>obtrectator,</span> <span class='ocrx_word' id='word_1_193' title='bbox 2072 2767 2274 2828; x_wconf 90' lang='lat' dir='ltr'>neque</span> 
     </span>
     <span class='ocr_line' id='line_1_27' title="bbox 370 2844 2276 2924; baseline 0.002 -20"><span class='ocrx_word' id='word_1_194' title='bbox 370 2844 562 2904; x_wconf 84' lang='lat' dir='ltr'>refert</span> <span class='ocrx_word' id='word_1_195' title='bbox 617 2846 982 2924; x_wconf 85' lang='lat' dir='ltr'>cujusquam</span> <span class='ocrx_word' id='word_1_196' title='bbox 1038 2846 1308 2907; x_wconf 87' lang='lat' dir='ltr'>Punicas</span> <span class='ocrx_word' id='word_1_197' title='bbox 1371 2849 1766 2909; x_wconf 86' lang='lat' dir='ltr'>Romanasve</span> <span class='ocrx_word' id='word_1_198' title='bbox 1822 2848 1985 2908; x_wconf 88' lang='lat' dir='ltr'>acies</span> <span class='ocrx_word' id='word_1_199' title='bbox 2052 2847 2276 2907; x_wconf 90' lang='lat' dir='ltr'>laetius</span> 
     </span>
    </p>
   </div>
   <div class='ocr_carea' id='block_1_3' title="bbox 2291 236 2374 302">
    <p class='ocr_par' dir='ltr' id='par_1_4' title="bbox 2291 236 2374 302">
     <span class='ocr_line' id='line_1_28' title="bbox 2291 236 2374 302; baseline -0.012 0"><span class='ocrx_word' id='word_1_200' title='bbox 2291 236 2374 302; x_wconf 82' lang='lat'>71</span> 
     </span>
    </p>
   </div>
   <div class='ocr_carea' id='block_1_4' title="bbox 2315 619 2376 664">
    <p class='ocr_par' dir='ltr' id='par_1_5' title="bbox 2315 619 2376 664">
     <span class='ocr_line' id='line_1_29' title="bbox 2315 619 2376 664; baseline 0 0"><span class='ocrx_word' id='word_1_201' title='bbox 2315 619 2376 664; x_wconf 89' lang='lat'>10</span> 
     </span>
    </p>
   </div>
   <div class='ocr_carea' id='block_1_5' title="bbox 2316 1889 2377 1935">
    <p class='ocr_par' dir='ltr' id='par_1_6' title="bbox 2316 1889 2377 1935">
     <span class='ocr_line' id='line_1_30' title="bbox 2316 1889 2377 1935; baseline 0.016 -1"><span class='ocrx_word' id='word_1_202' title='bbox 2316 1889 2377 1935; x_wconf 88' lang='lat'>10</span> 
     </span>
    </p>
   </div>
   <div class='ocr_carea' id='block_1_6' title="bbox 2315 2377 2377 2422">
    <p class='ocr_par' dir='ltr' id='par_1_7' title="bbox 2315 2377 2377 2422">
     <span class='ocr_line' id='line_1_31' title="bbox 2315 2377 2377 2422; baseline 0 0"><span class='ocrx_word' id='word_1_203' title='bbox 2315 2377 2377 2422; x_wconf 89' lang='lat'>15</span> 
     </span>
    </p>
   </div>
   <div class='ocr_carea' id='block_1_7' title="bbox 2316 2861 2379 2906">
    <p class='ocr_par' dir='ltr' id='par_1_8' title="bbox 2316 2861 2379 2906">
     <span class='ocr_line' id='line_1_32' title="bbox 2316 2861 2379 2906; baseline 0.016 -1"><span class='ocrx_word' id='word_1_204' title='bbox 2316 2861 2379 2906; x_wconf 89' lang='lat'>20</span> 
     </span>
    </p>
   </div>
   <div class='ocr_carea' id='block_1_8' title="bbox 372 2940 2322 3035">
    <p class='ocr_par' dir='ltr' id='par_1_9' title="bbox 372 2940 2322 3035">
     <span class='ocr_line' id='line_1_33' title="bbox 372 2940 2322 3035; baseline 0.001 -35"><span class='ocrx_word' id='word_1_205' title='bbox 372 2940 706 3000; x_wconf 87' lang='lat' dir='ltr'>extuleris:</span> <span class='ocrx_word' id='word_1_206' title='bbox 749 2951 815 3001; x_wconf 93' lang='lat' dir='ltr'>at</span> <span class='ocrx_word' id='word_1_207' title='bbox 860 2942 1219 3017; x_wconf 91' lang='lat' dir='ltr'>multorum,</span> <span class='ocrx_word' id='word_1_208' title='bbox 1255 2944 1360 3023; x_wconf 90' lang='lat' dir='ltr'>qui</span> <span class='ocrx_word' id='word_1_209' title='bbox 1405 2945 1655 3004; x_wconf 90' lang='lat' dir='ltr'>Tiberio</span> <span class='ocrx_word' id='word_1_210' title='bbox 1699 2955 1957 3023; x_wconf 87' lang='lat' dir='ltr'>regente</span> <span class='ocrx_word' id='word_1_211' title='bbox 2005 2962 2273 3022; x_wconf 86' lang='lat' dir='ltr'>poenam</span> <span class='ocrx_word' id='word_1_212' title='bbox 2308 3024 2322 3035; x_wconf 45' lang='lat'><strong>·</strong></span> 
     </span>
    </p>
   </div>
   <div class='ocr_carea' id='block_1_9' title="bbox 369 3037 2274 3603">
    <p class='ocr_par' dir='ltr' id='par_1_10' title="bbox 369 3037 2274 3506">
     <span class='ocr_line' id='line_1_34' title="bbox 369 3037 2272 3120; baseline 0.001 -22"><span class='ocrx_word' id='word_1_213' title='bbox 369 3038 473 3098; x_wconf 89' lang='lat' dir='ltr'>vel</span> <span class='ocrx_word' id='word_1_214' title='bbox 514 3037 801 3097; x_wconf 81' lang='lat' dir='ltr'>infamias</span> <span class='ocrx_word' id='word_1_215' title='bbox 842 3038 1103 3113; x_wconf 91' lang='lat' dir='ltr'>subiere,</span> <span class='ocrx_word' id='word_1_216' title='bbox 1154 3040 1388 3119; x_wconf 88' lang='lat' dir='ltr'>posteri</span> <span class='ocrx_word' id='word_1_217' title='bbox 1428 3050 1725 3115; x_wconf 83' lang='lat' dir='ltr'>manent3</span> <span class='ocrx_word' id='word_1_218' title='bbox 1766 3050 1957 3120; x_wconf 90' lang='lat' dir='ltr'>utque</span> <span class='ocrx_word' id='word_1_219' title='bbox 1999 3039 2272 3100; x_wconf 85' lang='lat' dir='ltr'>familiae</span> 
     </span>
     <span class='ocr_line' id='line_1_35' title="bbox 370 3135 2274 3217; baseline 0.001 -25"><span class='ocrx_word' id='word_1_220' title='bbox 370 3135 539 3213; x_wconf 87' lang='lat' dir='ltr'>ipsae</span> <span class='ocrx_word' id='word_1_221' title='bbox 576 3136 708 3214; x_wconf 86' lang='lat' dir='ltr'>jam</span> <span class='ocrx_word' id='word_1_222' title='bbox 737 3135 1050 3196; x_wconf 88' lang='lat' dir='ltr'>extinctae</span> <span class='ocrx_word' id='word_1_223' title='bbox 1083 3137 1227 3210; x_wconf 90' lang='lat' dir='ltr'>sint,</span> <span class='ocrx_word' id='word_1_224' title='bbox 1256 3138 1528 3216; x_wconf 90' lang='lat' dir='ltr'>reperies</span> <span class='ocrx_word' id='word_1_225' title='bbox 1557 3138 1662 3217; x_wconf 89' lang='lat' dir='ltr'>qui</span> <span class='ocrx_word' id='word_1_226' title='bbox 1692 3138 1771 3197; x_wconf 93' lang='lat' dir='ltr'>ob</span> <span class='ocrx_word' id='word_1_227' title='bbox 1800 3136 2274 3196; x_wconf 87' lang='lat' dir='ltr'>similitudinem</span> 
     </span>
     <span class='ocr_line' id='line_1_36' title="bbox 369 3232 2272 3315; baseline 0.001 -25"><span class='ocrx_word' id='word_1_228' title='bbox 369 3251 614 3291; x_wconf 89' lang='lat' dir='ltr'>morum</span> <span class='ocrx_word' id='word_1_229' title='bbox 644 3232 845 3292; x_wconf 88' lang='lat' dir='ltr'>aliena</span> <span class='ocrx_word' id='word_1_230' title='bbox 874 3233 1208 3293; x_wconf 88' lang='lat' dir='ltr'>malefacta</span> <span class='ocrx_word' id='word_1_231' title='bbox 1236 3234 1352 3293; x_wconf 91' lang='lat' dir='ltr'>sibi</span> <span class='ocrx_word' id='word_1_232' title='bbox 1389 3233 1692 3315; x_wconf 85' lang='lat' dir='ltr'>objectari</span> <span class='ocrx_word' id='word_1_233' title='bbox 1735 3241 1978 3312; x_wconf 90' lang='lat' dir='ltr'>putent.</span> <span class='ocrx_word' id='word_1_234' title='bbox 2062 3232 2272 3291; x_wconf 87' lang='lat' dir='ltr'>Etiam</span> 
     </span>
     <span class='ocr_line' id='line_1_37' title="bbox 369 3328 2274 3409; baseline 0.002 -24"><span class='ocrx_word' id='word_1_235' title='bbox 369 3328 569 3407; x_wconf 85' lang='lat' dir='ltr'>gloria</span> <span class='ocrx_word' id='word_1_236' title='bbox 597 3349 669 3388; x_wconf 90' lang='lat' dir='ltr'>ac</span> <span class='ocrx_word' id='word_1_237' title='bbox 699 3330 899 3391; x_wconf 87' lang='lat' dir='ltr'>virtus</span> <span class='ocrx_word' id='word_1_238' title='bbox 930 3330 1200 3390; x_wconf 88' lang='lat' dir='ltr'>infensos</span> <span class='ocrx_word' id='word_1_239' title='bbox 1228 3330 1439 3404; x_wconf 89' lang='lat' dir='ltr'>habet,</span> <span class='ocrx_word' id='word_1_240' title='bbox 1468 3340 1539 3390; x_wconf 93' lang='lat' dir='ltr'>ut</span> <span class='ocrx_word' id='word_1_241' title='bbox 1579 3330 1762 3388; x_wconf 89' lang='lat' dir='ltr'>nimis</span> <span class='ocrx_word' id='word_1_242' title='bbox 1804 3348 1881 3396; x_wconf 84' lang='lat' dir='ltr'>ex</span> <span class='ocrx_word' id='word_1_243' title='bbox 1923 3328 2274 3409; x_wconf 89' lang='lat' dir='ltr'>propinquo</span> 
     </span>
     <span class='ocr_line' id='line_1_38' title="bbox 372 3425 1836 3506; baseline 0.001 -22"><span class='ocrx_word' id='word_1_244' title='bbox 372 3425 620 3486; x_wconf 88' lang='lat' dir='ltr'>diversa</span> <span class='ocrx_word' id='word_1_245' title='bbox 649 3446 931 3506; x_wconf 77' lang='lat' dir='ltr'>arguenS.</span> <span class='ocrx_word' id='word_1_246' title='bbox 1018 3428 1142 3487; x_wconf 87' lang='lat' dir='ltr'>Sed</span> <span class='ocrx_word' id='word_1_247' title='bbox 1173 3428 1250 3487; x_wconf 90' lang='lat' dir='ltr'>ad</span> <span class='ocrx_word' id='word_1_248' title='bbox 1281 3426 1602 3506; x_wconf 90' lang='lat' dir='ltr'>inceptum</span> <span class='ocrx_word' id='word_1_249' title='bbox 1630 3426 1836 3485; x_wconf 76' lang='lat' dir='ltr'>redeo,</span> 
     </span>
    </p>

    <p class='ocr_par' dir='ltr' id='par_1_11' title="bbox 454 3522 2273 3603">
     <span class='ocr_line' id='line_1_39' title="bbox 454 3522 2273 3603; baseline 0.001 -22"><span class='ocrx_word' id='word_1_250' title='bbox 454 3523 550 3582; x_wconf 89' lang='grc'>67.</span> <span class='ocrx_word' id='word_1_251' title='bbox 621 3523 714 3583; x_wconf 95' lang='lat' dir='ltr'>At</span> <span class='ocrx_word' id='word_1_252' title='bbox 762 3524 989 3584; x_wconf 85' lang='lat' dir='ltr'>Caesar</span> <span class='ocrx_word' id='word_1_253' title='bbox 1041 3523 1345 3584; x_wconf 89' lang='lat' dir='ltr'>dedicatis</span> <span class='ocrx_word' id='word_1_254' title='bbox 1387 3543 1499 3603; x_wconf 89' lang='lat' dir='ltr'>per</span> <span class='ocrx_word' id='word_1_255' title='bbox 1546 3522 1953 3602; x_wconf 85' lang='lat' dir='ltr'>Campaniam</span> <span class='ocrx_word' id='word_1_256' title='bbox 2001 3522 2273 3603; x_wconf 78' lang='lat' dir='ltr'>tempIiS,</span> 
     </span>
    </p>
   </div>
   <div class='ocr_carea' id='block_1_10' title="bbox 2317 3343 2379 3388">
    <p class='ocr_par' dir='ltr' id='par_1_12' title="bbox 2317 3343 2379 3388">
     <span class='ocr_line' id='line_1_40' title="bbox 2317 3343 2379 3388; baseline 0.016 -1"><span class='ocrx_word' id='word_1_257' title='bbox 2317 3343 2379 3388; x_wconf 88' lang='lat'>25</span> 
     </span>
    </p>
   </div>
  </div>
 </body>
</html>
