2738 4048
816 278 1333 328 fflsrossrARuM
1375 281 1596 328 LIBER
1640 283 1970 330 crunnus.
2251 267 2378 335 127

375 436 629 498 nuntios
671 436 863 497 cladis
892 438 1207 498 occultans
1241 439 1434 498 stulta
1461 439 1970 514 dissimulatione,
1998 430 2276 502 remedia

373 534 581 612 potius
623 534 931 593 malorum
972 553 1157 612 quam
1212 536 1375 594 mala
1415 536 1756 595 differebat.
1843 535 2092 615 Quippe
2134 557 2274 599 con-

373 628 579 689 fitenti
622 630 1122 710 consultantique
1150 642 1514 709 supererant.
1542 652 1680 710 spes
1709 633 2027 712 viresque:
2070 655 2210 694 cum
2237 655 2272 696 e

379 726 693 786 contrario
750 727 913 785 laeta
968 727 1175 786 omnia
1227 728 1508 806 fingeret,
1562 728 1727 788 falsis
1784 719 2272 809 ingravescebat.
2344 746 2376 793 5

373 812 615 881 Mirum*
650 822 815 901 apud
855 822 1058 900 ipsum
1099 823 1179 882 de
1219 824 1382 884 bello
1424 824 1774 900 silentium3
1823 828 2120 907 prohibiti
2158 849 2270 908 per

374 918 696 978 civitatem
715 939 1028 979 sermones
1059 939 1254 998 eoque
1284 922 1511 998 plures,
1542 941 1613 981 ac
1641 922 1694 981 si
1721 923 1936 985 liceret
1964 945 2108 985 vere
2137 946 2271 985 nar-

371 1015 584 1089 raturi,
634 1015 779 1095 quia
832 1015 1207 1076 vetabantur
1261 1016 1568 1077 atrociora
1622 1020 2050 1099 vulgaverant.
2131 1022 2270 1082 Nec

372 1111 562 1171 duces
590 1111 864 1172 hostium
891 1112 1210 1190 augendae
1250 1112 1452 1172 famae
1481 1114 1757 1191 deerant,
1786 1127 1997 1196 captos
2026 1118 2270 1179 Vitellii

372 1208 794 1286 exploratores
824 1208 1419 1288 circumductosque,
1448 1222 1521 1271 ut
1560 1213 1783 1272 robora
1809 1213 2065 1274 victoris
2106 1234 2273 1274 exer·
2313 1229 2372 1274 10

372 1306 532 1364 citus
600 1314 944 1377 noscerent,
1014 1305 1429 1382 remittend03
1499 1328 1651 1387 quos
1721 1310 1919 1370 omnis
1974 1311 2268 1371 Vitellius

370 1409 607 1460 secreto
634 1409 1033 1478 percontatus
1061 1400 1328 1462 interfici
1353 1404 1559 1484 jussit.
1610 1405 1677 1465 N
1679 1407 1893 1465 otabili
1919 1407 2270 1467 constantia

372 1498 653 1558 centurio
682 1498 887 1559 Julius
915 1497 1225 1577 Agrestis,
1254 1511 1395 1578 post
1423 1503 1651 1563 multos
1688 1522 2015 1578 sermoneS,
2044 1504 2267 1583 quibus

370 1595 701 1655 Vitellium
744 1594 823 1653 ad
851 1593 1150 1654 virtutem
1191 1596 1420 1657 frustra
1461 1600 1853 1672 accendebat,
1881 1601 2153 1679 perpulit
2193 1610 2268 1660 ut

370 1691 451 1750 ad
481 1690 644 1751 vires
672 1691 944 1750 hostium
986 1694 1353 1769 spectandas
1383 1714 1661 1774 quaeque
1703 1697 1866 1773 apud
1898 1696 2269 1756 Cremonam
2309 1711 2371 1756 15

370 1797 510 1848 acta
536 1787 746 1846 forent
774 1787 904 1866 ipse
934 1787 1305 1850 mitteretur.
1388 1790 1527 1851 Nec
1569 1792 1990 1871 exploratione
2026 1794 2268 1853 occulta

368 1884 584 1945 fallere
625 1883 975 1944 Antonium
1028 1887 1315 1961 tentavit,
1364 1888 1474 1947 sed
1527 1888 1825 1947 mandata
1877 1889 2266 1967 imperatoris

369 2001 667 2063 suumque
698 1981 971 2044 animum
1000 1983 1331 2064 professus,
1356 1995 1427 2045 ut
1456 1994 1679 2045 cuncta
1701 1984 1932 2045 viseret
1960 1987 2265 2066 postulat:

368 2082 538 2143 missi
593 2082 699 2163 qui
758 2084 963 2143 locum
1016 2082 1254 2162 proelii,
1316 2083 1656 2143 Cremonae
1713 2084 1999 2163 vestigia,
2055 2095 2267 2163 captas
2346 2094 2351 2098 ’

367 2181 642 2261 legiones
672 2182 1091 2243 ostenderent.
1175 2180 1458 2259 Agrestis
1489 2181 1569 2240 ad
1592 2180 1921 2240 Vitellium
1949 2183 2269 2257 remeavit,
2311 2198 2372 2242 20
2401 2250 2405 2254 ‚

369 2279 788 2358 abnuentique
815 2299 965 2340 vera
1000 2298 1131 2340 esse
1160 2297 1315 2357 quae
1345 2278 1558 2338 afferet
1587 2287 1773 2357 atque
1814 2279 1981 2339 ultro
2023 2299 2267 2358 corrup-

369 2385 505 2435 tum
546 2377 849 2455 arguenti,
890 2376 1172 2457 ‘quando
1215 2375 1496 2454 quidem'
1540 2374 1740 2454 inquit
1782 2382 2041 2454 ‘magno
2086 2376 2267 2436 docu-

368 2481 581 2533 mento
610 2493 765 2551 opus
794 2483 907 2547 est,
940 2494 1054 2534 nec
1085 2473 1236 2532 alius
1268 2472 1402 2551 jam
1431 2471 1547 2531 tibi
1576 2481 1684 2531 aut
1712 2472 1879 2531 vitae
1909 2483 2018 2531 aut
2045 2473 2265 2532 mortis

367 2588 542 2629 meae
598 2590 760 2645 usus,
815 2571 978 2632 dabo
1034 2570 1135 2630 cui
1192 2567 1446 2630 credas.’
1527 2567 1741 2645 Atque
1809 2567 1900 2626 ita
1954 2567 2265 2645 digressus

367 2666 722 2725 voluntaria
748 2676 949 2727 morte
978 2668 1149 2727 dicta
1175 2664 1486 2726 firmavit:
1530 2663 1783 2743 quidam
1815 2664 1992 2742 jussu
2021 2663 2267 2723 Vitellii
2307 2679 2370 2725 25

368 2760 787 2835 interfectum,
816 2764 894 2822 de
922 2763 1046 2823 fide
1077 2762 1548 2841 constantiaque
1580 2760 1798 2820 eadem
1826 2759 2158 2820 tradidere.

449 2859 544 2918 63.
612 2859 905 2938 Abrupta
944 2860 1217 2939 undique
1260 2879 1387 2938 spe,
1418 2855 1796 2920 Vitellianus
1837 2856 2015 2917 miles
2055 2856 2268 2916 transi-

368 2966 543 3015 turus
584 2955 649 3014 in
690 2965 914 3033 parteS,
957 2956 1023 3015 id
1071 2976 1313 3035 quoque
1359 2976 1484 3015 non
1525 2955 1659 3015 sine
1703 2954 1943 3027 decore,
1993 2953 2104 3013 sed
2151 2954 2265 3013 sub

366 3052 557 3130 signis
585 3051 948 3130 vexillisque
977 3052 1043 3110 in
1072 3053 1387 3131 subjectos
1416 3051 1690 3111 Narniae
1733 3069 1983 3128 campos
2022 3049 2268 3109 descen-

367 3147 531 3206 dere.
616 3146 952 3207 Flavianus
1007 3148 1330 3222 exercitus,
1383 3158 1452 3207 ut
1508 3149 1587 3207 ad
1631 3147 1934 3226 proelium
1989 3144 2267 3205 intentus

368 3255 765 3322 ornatusque,
822 3243 1033 3303 densis
1098 3244 1259 3303 circa
1313 3244 1479 3302 viam
1535 3244 1856 3303 ordinibus
1926 3242 2263 3302 asstiterat.
2340 3255 2371 3300 5

367 3339 632 3418 Accepti
672 3339 739 3399 in
779 3340 1054 3399 medium
1083 3340 1433 3412 Vitelliani,
1465 3350 1529 3400 et
1569 3339 1984 3400 circumdatos
2014 3339 2265 3399 Primus

365 3436 683 3496 Antonius
739 3437 1075 3495 clementer
1131 3435 1502 3514 alloquitur:
1570 3445 1711 3518 pars
1769 3435 2062 3509 Narniae,
2117 3454 2263 3514 pars

366 3530 762 3594 Interamnae
790 3531 1120 3592 subsistere
1162 3531 1336 3612 jussi.
1420 3530 1702 3592 Relictae
1730 3532 1913 3592 simul
1943 3552 1976 3593 e
2006 3532 2268 3593 victrici-
