2738 4048
784 259 1188 308 ANNALIUM
1232 258 1452 306 LIBER
1499 257 1799 306 PRIMUS.

314 417 641 483 seditionis
695 417 1067 478 auctoribus·
1151 416 1528 494 Promptum
1567 416 1647 475 ad
1689 413 2000 495 asperiora
2051 412 2220 495 inge-

314 519 489 578 nium
518 517 726 576 Druso
768 525 933 574 erat:
979 524 1234 574 vocatos
1275 514 1659 574 Vibulenum
1699 522 1764 573 et
1806 512 2220 573 Percennium

313 612 583 674 interfici
622 612 820 692 jubet.
903 611 1193 670 Tradunt
1227 610 1506 689 plerique
1545 610 1712 669 intra
1748 609 2218 670 tabernaculum

316 711 492 771 ducis
515 710 788 782 obrutos,
805 708 909 767 alii
932 727 1192 786 corpora
1213 717 1392 767 extra
1409 708 1642 766 vallum
1664 707 1904 785 abjecta
1925 707 2216 767 ostentui.

425 809 519 867 30.
603 806 784 879 Tum,
814 814 884 864 ut
928 804 1183 884 quisque
1224 803 1592 883 praecipuus
1639 805 1941 877 turbator,
1973 804 2219 882 conqui-

315 905 441 979 siti,
472 914 535 965 et
562 924 724 984 pars,
754 913 932 963 extra
961 912 1163 961 castra
1195 901 1496 980 palanteS,
1526 920 1563 960 a.
1604 901 2068 961 centurionibus
2111 911 2219 961 aut

315 1001 768 1082 praetoriarum
797 999 1145 1060 cohortium
1174 997 1475 1057 militibus
1513 997 1715 1072 caesi3
1759 998 2059 1077 quosdam
2098 998 2219 1077 ipsi

316 1098 618 1176 manipuli
647 1087 1092 1157 documentum
1131 1094 1279 1154 fidei
1319 1094 1657 1154 tradidere.
1739 1094 2026 1155 Auxerat
2066 1095 2220 1154 mili-

316 1204 455 1256 tum
483 1214 659 1255 curas
686 1203 1078 1274 praematura
1105 1193 1319 1266 hiems,
1347 1191 1646 1252 imbribus
1689 1192 2000 1251 continuis
2041 1193 2221 1252 adeo-

319 1312 438 1372 que
468 1292 687 1364 saeviS,
718 1300 788 1351 ut
817 1311 942 1351 non
971 1290 1183 1370 egredi
1212 1288 1503 1362 tentoria,
1535 1288 1898 1368 congregari
1939 1288 2104 1348 inter
2132 1308 2216 1364 se,

316 1390 426 1450 vix
448 1388 641 1449 tutari
669 1388 845 1468 signa
870 1396 1143 1467 possent,
1168 1406 1321 1466 quae
1346 1386 1592 1446 turbine
1617 1397 1799 1465 atque
1823 1386 1992 1445 unda
2019 1395 2221 1465 rapta

316 1486 561 1546 bantur.
644 1486 926 1544 Durabat
955 1493 1019 1544 et
1060 1484 1327 1544 formido
1358 1483 1640 1543 caelestis
1669 1483 1814 1557 irae,
1843 1503 1958 1542 nec
1985 1483 2220 1542 frustra

321 1584 619 1642 adversus
659 1581 881 1660 impios
924 1582 1253 1640 hebescere
1295 1580 1518 1654 sidera,
1561 1599 1738 1639 ruere
1780 1589 2217 1658 tempestates:

318 1700 446 1740 non
471 1678 635 1738 aliud
661 1676 961 1737 m'alorum
989 1678 1411 1737 levamentum
1434 1696 1617 1755 quam
1645 1677 1694 1735 si
1724 1677 2076 1755 linquerent
2099 1695 2222 1735 cas-

319 1786 420 1836 tra
447 1776 717 1836 infausta
743 1783 1187 1855 temerataque,
1217 1782 1281 1833 et
1310 1774 1497 1833 soluti
1526 1772 1768 1852 piaculo
1807 1773 1930 1833 suis
1961 1772 2216 1852 quisque

319 1873 592 1933 hibernis
621 1874 1046 1933 redderentur.
1116 1871 1400 1930 Primum
1428 1880 1668 1943 octava,
1699 1870 1843 1929 dein
1875 1870 2090 1949 quinta
2118 1870 2220 1929 de-

320 1989 501 2031 cuma
527 1970 689 2050 legio
719 1970 995 2029 rediere:
1038 1988 1319 2029 nonanus
1349 1967 1758 2047 opperiendas
1789 1967 2025 2029 Tiberii
2065 1968 2220 2048 epis-

317 2069 486 2130 tolas
522 2068 966 2140 clamitaverat,
995 2087 1141 2126 mox
1184 2067 1497 2126 desolatus
1539 2065 1800 2126 aliorum
1841 2066 2214 2126 discessione

317 2165 748 2224 imminentem
770 2164 1203 2224 necessitatem
1225 2172 1446 2242 sponte
1470 2163 1813 2242 praevenit.
1871 2164 1958 2224 Et
1980 2164 2221 2224 Drusus

318 2282 447 2321 non
503 2269 862 2340 exspectato
916 2260 1265 2340 legatorum
1320 2280 1620 2339 regressu,
1671 2260 1815 2339 quia
1866 2262 2220 2341 praesentia

319 2358 470 2417 satis
496 2359 921 2431 consederant,
943 2357 1006 2415 in
1038 2358 1251 2416 urbem
1279 2357 1486 2417 rediit.
1725 2353 1788 2454 <x

429 2456 523 2515 31.
604 2454 814 2513 Isdem
846 2456 1043 2513 ferme
1083 2455 1302 2513 diebus
1345 2454 1545 2514 isdem
1586 2451 1782 2515 causis
1813 2455 2217 2516 Germanicae

320 2551 603 2630 legiones
644 2551 950 2623 turbatae,
995 2558 1226 2629 quanto
1268 2552 1496 2629 plures,
1537 2561 1717 2613 tanto
1758 2553 2111 2627 violentius,
2153 2561 2219 2612 et

318 2666 544 2726 magna
566 2666 671 2725 spe
694 2646 829 2706 fore
852 2655 922 2706 ut
946 2647 1345 2707 Germanicus
1372 2648 1597 2708 Caesar
1616 2650 1943 2729 imperium
1966 2649 2218 2709 alterius

319 2744 453 2823 pati
481 2744 764 2822 nequiret
793 2744 1089 2825 daretque
1119 2764 1183 2803 se
1213 2745 1560 2826 legionibus
1581 2746 1646 2806 vi
1675 2766 1785 2806 sua
1814 2755 2037 2806 cuncta
2064 2755 2221 2805 trac-

317 2840 497 2901 turiS.
581 2840 725 2900 Duo
783 2841 949 2919 apud
998 2841 1197 2920 ripam
1246 2842 1453 2902 Rheni
1497 2844 1804 2904 exercitus
1853 2852 2066 2903 erant:
2116 2842 2215 2902 cui

319 2957 546 2998 nomen
574 2938 893 3016 superiori,
923 2939 1036 2997 sub
1062 2939 1129 2998 C.
1162 2939 1312 3000 Silio
1342 2941 1570 3019 legato,
1592 2940 1947 3000 inferiorem
1970 2939 2049 2999 A.
2075 2939 2220 2999 Cae·

320 3034 459 3094 cina
500 3035 774 3094 curabat.
857 3035 1165 3114 Regimen
1221 3057 1495 3097 summae
1537 3037 1627 3096 rei
1673 3057 1861 3115 penes
1906 3035 2220 3095 Germani-

320 3150 480 3204 cum,
530 3131 773 3209 agendo
824 3130 1166 3192 Galliarum
1220 3133 1432 3193 censui
1487 3143 1623 3192 tum
1677 3134 2007 3192 intentum.
2093 3131 2219 3192 Sed

320 3227 540 3306 quibus
585 3228 770 3288 Silius
818 3229 1278 3303 moderabatur,
1320 3240 1529 3289 mente
1573 3229 1862 3307 ambigua
1901 3228 2218 3287 fortunam

318 3324 644 3385 seditionis
687 3326 923 3386 alienae
973 3326 1488 3406 speculabantur:
1544 3325 1854 3385 inferioris
1911 3325 2219 3385 exercitus

315 3420 495 3480 miles
524 3421 587 3481 in
618 3423 852 3483 rabiem
878 3423 1202 3502 prolapsus
1231 3433 1344 3497 est,
1375 3431 1514 3483 orto
1557 3424 1635 3483 ab
1675 3423 2219 3483 unetvicesimanis

318 3518 752 3599 quintanisque
781 3520 980 3594 initio,
998 3530 1063 3580 et
1089 3520 1308 3581 tractis
1335 3520 1537 3599 prima
1558 3540 1800 3601 quoque
1832 3540 1903 3581 ac
1923 3520 2218 3580 vicesima

2234 239 2318 305 47

2265 528 2321 574 15

2349 624 2475 705 »ἕρ

2312 688 2352 765 2

2262 1690 2324 1736 10

2261 2179 2323 2224 15

2263 3340 2324 3385 10

2419 705 2456 743 v.

2493 722 2636 749 NJM·
