2738 4048
733 270 1258 320 HISTORIARUM
1301 271 1523 318 LIBER
1569 271 1972 320 SECUNDUS.

349 429 724 509 opulentae:
795 439 1096 508 quantum
1162 428 1505 489 insularum
1560 428 1714 488 mari
1769 429 2056 507 cingitur,
2117 429 2248 511 [et]

348 527 626 605 parando
693 526 945 587 interim
1003 526 1167 586 bello
1236 527 1579 586 secundum
1649 537 1979 604 tutumque
2048 526 2251 605 ipsum

348 644 538 684 mare.

433 721 487 779 7.
543 719 692 779 Non
718 719 973 779 fallebat
1002 721 1189 780 duces
1218 720 1486 799 impetus
1514 719 1801 793 militum,
1833 718 1941 778 sed
1968 720 2251 780 bellanti-

348 817 464 875 bus
502 816 638 875 aliis
675 816 911 895 placuit
952 817 1306 894 expectari:
1348 817 1510 877 bello
1541 817 1709 876 civili
1739 817 2005 876 victores
2035 816 2256 877 victos-

349 932 470 991 que
540 932 855 991 nunquam
920 913 1118 972 solida
1184 913 1306 972 fide
1375 913 1785 987 coalescere3-
1820 933 1934 972 nec
2000 912 2251 987 referre,

350 1007 681 1068 Vitellium
736 1028 813 1068 an
860 1009 1176 1069 Othonem
1231 1010 1631 1088 superstitem
1660 1009 1938 1090 ,fortuna
1992 1009 2247 1071 faceret.

350 1104 564 1165 Rebus
589 1106 877 1166 secundis
906 1106 1096 1166 etiam
1124 1107 1409 1186 egregios
1453 1107 1641 1166 duces
1682 1106 2086 1173 insolescere:
2132 1107 2248 1166 dis-

349 1203 626 1262 cordiam
680 1202 793 1275 his,
847 1203 1178 1281 ignaviam,
1235 1203 1581 1277 luxuriem3
1651 1213 1716 1261 et
1771 1201 2029 1261 suismet
2084 1202 2253 1263 vitiis

350 1300 615 1358 alterum
682 1299 865 1373 bello,
921 1300 1187 1359 alterum
1244 1299 1510 1359 victoria
1574 1299 1938 1379 periturum.
2048 1297 2253 1376 Igitur

350 1415 521 1456 arma
541 1396 605 1455 in
627 1395 1011 1456 occasionem
1030 1396 1346 1471 distulere,
1366 1395 1785 1475 Vespasianus
1806 1394 2252 1473 Mucianusque

263 1514 269 1520 ·
349 1513 563 1572 nuper,
610 1492 804 1552 ceteri
848 1493 994 1552 olim
1050 1493 1263 1553 mixtis
1313 1493 1618 1553 consiliis:
1677 1492 1950 1570 optimus
1995 1492 2252 1571 quisque

2271 255 2356 319 93

350 1608 559 1650 amore
598 1589 994 1668 reipublicae,
1024 1591 1253 1649 multos
1282 1590 1546 1649 dulcedo
1574 1590 1943 1667 praedarum
1987 1589 2256 1648 stimula-
2301 1605 2358 1650 10

348 1686 475 1759 bat,
506 1686 659 1746 alios
687 1686 1013 1765 ambiguae
1043 1686 1211 1745 domi
1253 1706 1385 1760 res3
1427 1686 1515 1745 ita
1555 1685 1703 1745 boni
1744 1687 2012 1765 malique
2055 1687 2251 1746 causis

328 1783 625 1857 diversis,
656 1783 863 1842 studio
892 1783 1043 1861 pari,
1072 1783 1305 1842 bellum
1333 1802 1546 1842 omnes
1576 1782 1922 1861 cupiebant.

432 1879 522 1939 31.
598 1878 759 1938 Sane
789 1889 933 1938 ante
964 1879 1281 1958 utriusque
1312 1879 1567 1952 exitum,
1587 1899 1709 1957 quo
1738 1879 2049 1958 egregiam
2081 1880 2265 1941 Otho·

351 1976 601 2050 famam,
628 1959 924 2037 Vitellius
969 1975 1513 2057 flagitiosissimam
1553 1996 1853 2051 meruere,
1896 1976 2103 2039 minus
2144 1977 2254 2039 Vi-

354 2073 513 2136 tellii
540 2074 803 2154 ignavae
835 2076 1189 2153 voluptates
1218 2094 1404 2154 quam
1434 2073 1701 2135 Othonis
1741 2076 2252 2155 flagrantissimae

351 2174 639 2236 libidines
699 2176 1114 2250 timebantur3
1170 2177 1515 2237 addiderat·
1539 2177 1682 2237 huic
1722 2188 2020 2238 terrorem
2063 2190 2248 2258 atque

353 2273 568 2333 odium
595 2273 815 2335 caedes
847 2272 1098 2347 Galbae,
1117 2284 1334 2334 contra
1360 2274 1453 2334 illi
1481 2274 1731 2335 initium
1756 2276 1903 2335 belli
1930 2296 2114 2336 nemo
2142 2277 2251 2336 im-

350 2372 630 2450 putabat.
732 2370 1027 2431 Vitellius
1082 2379 1298 2432 ventre
1354 2382 1419 2433 et
1471 2373 1618 2452 gula
1686 2373 1802 2433 sibi
1868 2373 2250 2449 inhonestuS,

354 2467 524 2528 Otho
597 2470 765 2542 luxu,
820 2468 1095 2543 saevitia,
1152 2469 1427 2542 audacia,
1486 2470 1861 2548 reipublicae
1931 2471 2250 2532 exitiosior

356 2565 717 2626 ducebatur.

438 2661 800 2742 Conjunctis
844 2662 1145 2723 Caecinae
1204 2682 1274 2723 ac
1315 2662 1605 2725 Valentis
1647 2663 1839 2742 copiis
1880 2664 2050 2725 nulla
2090 2667 2254 2726 ultra

352 2759 955 2839 penes‘Vitellianos
1007 2779 1181 2819 mora
1229 2760 1376 2840 quin
1428 2762 1577 2820 totis
1620 2761 1857 2821 viribus
1914 2773 2254 2822 certarent:

353 2855 525 2915 Otho
575 2855 966 2929 consultavit,
1015 2856 1177 2916 trahi
1224 2857 1459 2916 bellum
1502 2876 1578 2916 an
1624 2858 1935 2918 fortunam
1984 2858 2253 2939 experiri

352 2953 640 3033 placeret.
1386 2963 1391 2968 ’

433 3051 527 3109 32.
584 3049 762 3109 Tunc
788 3049 1119 3110 Suetonius
1143 3049 1440 3110 Paulinus
1460 3050 1720 3131 dignum
1749 3051 1914 3110 fama
1935 3072 2046 3111 sua
2066 3062 2253 3127 ratuS,

353 3165 475 3225 qua
501 3166 684 3207 nemo
713 3146 820 3205 illa
847 3155 1218 3225 tempestate
1247 3132 1530 3207 militaris
1558 3148 1643 3206 rei
1675 3148 1953 3208 callidior
1993 3150 2256 3209 habeba-

352 3252 470 3314 tur,
493 3243 572 3302 de
594 3252 730 3302 toto
752 3262 977 3322 genere
999 3243 1148 3302 belli
1177 3263 1442 3317 censere,
1465 3244 1922 3303 festinationem
1954 3246 2251 3318 hostibuS,

352 3358 588 3398 moram
610 3338 759 3418 ipsis
779 3339 1000 3398 utilem
1022 3339 1309 3399 disseruit
1333 3360 1346 3398 ε
1377 3341 1719 3399 exercitum
1744 3341 1985 3400 Vitellii
2014 3342 2256 3401 univer-

354 3455 489 3494 sum
531 3435 873 3508 advenisse,
915 3455 1030 3495 nec
1072 3437 1338 3495 multum
1379 3435 1604 3495 virium
1649 3455 1686 3495 a
1725 3446 1921 3516 terg0,
1961 3438 2254 3517 quoniam

354 3530 592 3592 Galliae
635 3540 938 3605 tumeant,
986 3541 1050 3591 et
1077 3532 1376 3592 'deserere
1415 3532 1623 3594 Rheni
1673 3533 1886 3612 ripam,
1928 3534 2255 3614 irrupturis

2298 2777 2361 2823 10
