2738 4048
723 271 1241 323 HISTORIARUM
1287 272 1510 319 LIBER
1557 271 1964 320 SECUNDUS.

340 433 508 514 apud
537 451 764 512 paucos
791 431 985 491 tacito
1012 439 1164 491 voto
1194 429 1469 509 quietem
1511 449 1625 510 pro
1655 428 1983 502 discordia,
2009 429 2246 488 bonum

341 541 405 591 et
442 531 840 590 innocentem
867 527 1212 606 principem
1252 546 1366 604 pro
1408 525 1688 605 pessimis
1732 544 1803 583 ac
1842 524 2243 602 flagitiosissi-

338 628 455 687 mis
485 626 846 707 expetitum,
870 625 959 683 ita
987 642 1187 702 neque
1218 622 1568 695 Paulinum,
1590 641 1711 700 qua
1738 620 2073 701 prudentia
2100 620 2240 696 fuit,

339 744 616 804 sperasse
660 721 1123 801 corruptissimo
1182 720 1427 781 saeculo
1470 729 1712 778 tantam
1752 717 1927 796 vulgi
1966 717 2243 777 moderas

337 822 575 882 tionem
620 840 781 894 reor,
823 828 894 878 ut
941 817 1046 897 qui
1095 836 1311 896 pacem
1357 815 1507 875 belli
1557 834 1764 875 amore
1813 814 2240 889 turbaverant,

337 919 571 977 bellum
596 917 768 997 pacis
798 915 1055 976 caritate
1087 915 1474 993 deponerent
1498 932 1515 988 ;
1557 931 1757 991 neque
1787 920 1896 975 aut
1935 912 2242 972 exercitus

338 1015 565 1094 linguis
585 1014 977 1092 moribusque
997 1011 1277 1070 dissonos
1298 1010 1363 1068 in
1387 1010 1554 1073 hunc
1577 1028 1942 1068 consensum
1962 1008 2241 1087 potuisse

340 1112 699 1185 coalescere,
729 1121 838 1170 aut
865 1110 1104 1188 legatos
1134 1127 1205 1168 ac
1236 1106 1444 1181 duceS,
1472 1124 1698 1185 magna
1726 1124 1805 1164 ex
1832 1116 2010 1184 parte
2039 1105 2240 1180 luxuS,

339 1209 648 1288 egestatiS,
678 1207 979 1267 scelerum
1008 1205 1124 1265 sibi
1153 1204 1452 1278 conscios,
1481 1203 1601 1262 nisi
1637 1202 1949 1281 pollutum
1990 1201 2244 1262 obstric-

337 1314 595 1385 tumque
623 1304 862 1364 meritis
890 1303 1015 1363 suis
1042 1303 1386 1383 principem
1414 1322 1717 1382 passuros

420 1403 517 1462 38.
573 1402 777 1462 Vetus
800 1421 870 1462 ac
888 1402 1024 1480 jam
1045 1400 1285 1479 pridem
1314 1400 1503 1460 insita
1534 1400 1896 1460 mortalibus
1925 1398 2241 1478 potentiae

338 1500 566 1579 cupido
609 1518 751 1558 cum
791 1498 1035 1583 imperii
1084 1498 1515 1577 magnitudine
1559 1496 1835 1558 adolevit
1879 1495 2242 1574 erupitque;

338 1617 485 1657 nam
525 1598 707 1656 rebus
747 1596 1008 1656 modicis
1051 1595 1390 1675 aequalitas
1439 1594 1622 1655 facile
1665 1595 2028 1654 habebatur.
2116 1593 2243 1654 Sed

339 1694 447 1753 ubi
476 1695 730 1754 subacto
760 1694 907 1753 orbe
952 1703 1016 1753 et
1058 1693 1314 1752 aemulis
1357 1691 1611 1751 urbibus
1654 1692 1978 1770 regibusve
2019 1690 2243 1750 excisis

340 1810 583 1851 securas
637 1810 786 1871 opes
841 1790 1273 1869 concupiscere
1318 1808 1588 1849 vacuum
1640 1788 1778 1861 fuit,
1826 1787 2026 1866 prima
2077 1787 2244 1845 inter

339 1898 547 1969 patres
575 1888 937 1968 plebemque
967 1887 1306 1948 certamina
1334 1904 1652 1945 exarsere:
1681 1885 1869 1945 modo
1899 1884 2243 1944 turbulenti

338 1985 592 2060 tribuni,
635 1985 822 2046 modo
865 1985 1148 2045 consules
1192 1983 1552 2065 praevalidi,
1584 1993 1649 2045 et
1688 1983 1754 2044 in
1796 1983 1949 2044 urbe
1992 2002 2063 2044 ac
2105 1982 2241 2043 foro

338 2091 727 2143 tentamenta
754 2082 1031 2143 civilium
1058 2083 1398 2157 bellorum3
1443 2101 1591 2143 mox
1633 2101 1668 2142 e
1710 2083 1891 2163 plebe
1932 2082 2143 2142 infima
2173 2080 2241 2141 O.

338 2178 573 2240 Marius
608 2190 673 2239 et
713 2179 1014 2239 nobilium
1056 2180 1448 2239 saevissimus
1477 2178 1548 2239 L.
1581 2179 1754 2240 Sulla
1782 2180 2014 2241 victam
2055 2180 2241 2241 armis

339 2277 691 2338 libertatem
718 2277 785 2336 in
816 2277 1304 2337 dominationem
1334 2286 1675 2338 verterunt.
1757 2277 1913 2338 Post
1942 2298 2095 2358 quos
2125 2279 2241 2340 Cn.

341 2373 677 2452 Pompeius
719 2373 1039 2447 occultior,
1082 2393 1208 2432 non
1247 2374 1508 2433 melior:
1564 2383 1628 2433 et
1668 2394 1983 2453 nunquam
2023 2384 2244 2455 postea

339 2469 458 2528 nisi
487 2470 566 2528 de
594 2469 947 2549 principatu
977 2470 1340 2549 quaesitum.
1405 2471 1551 2531 Non
1584 2472 1914 2534 discessere
1945 2476 2023 2534 ab
2053 2474 2242 2534 armis

337 2565 403 2627 in
432 2566 751 2626 Pharsalia
778 2585 850 2627 ac
878 2566 1190 2647 Philippis
1217 2567 1449 2627 civium
1478 2568 1771 2647 legioneS,
1793 2571 2026 2630 nedum
2049 2571 2244 2630 Otho-

339 2663 435 2724 nis
465 2683 537 2723 ac
564 2662 811 2723 Vitellii
839 2663 1146 2725 exercitus
1175 2673 1395 2742 sponte
1425 2665 1686 2744 posituri
1714 2667 1945 2727 bellum
1972 2665 2241 2727 fuerint:

340 2762 561 2821 eadem
592 2760 706 2821 ilos
744 2762 932 2821 deum
972 2762 1083 2836 ira,
1113 2763 1333 2822 eadem
1375 2764 1697 2824 hominum
1737 2765 1955 2838 rabies,
1985 2764 2239 2825 eaedem

339 2859 638 2918 scelerum
680 2877 896 2918 causae
936 2858 1003 2917 in
1046 2858 1423 2919 discordiam
1465 2881 1668 2940 egere.
1752 2861 1938 2934 Quod
1981 2860 2239 2941 singulis

339 2955 513 3015 velut
553 2954 779 3015 ictibus
818 2965 1132 3016 transacta
1176 2968 1321 3017 sunt
1361 2958 1542 3032 bella,
1585 2958 1835 3039 ignavia
1889 2958 2249 3039 principum.

338 3051 571 3111 factum
627 3060 740 3111 est.
841 3052 966 3112 Sed
1023 3073 1121 3113 me
1177 3063 1463 3114 veterum
1516 3074 1942 3134 novorumque
1999 3074 2242 3114 morum

339 3146 649 3225 reputatio
718 3148 964 3229 longius
1030 3150 1221 3212 tulitt
1296 3172 1463 3212 nunc
1531 3153 1612 3212 ad
1678 3171 1888 3211 rerum
1954 3151 2242 3210 ordinem

339 3253 633 3303 revertar.

421 3340 515 3399 39.
571 3340 871 3402 Profecto
900 3343 1245 3404 Brixellum
1276 3345 1527 3406 Othone
1555 3347 1755 3406 honor
1779 3344 2021 3424 imperii
2050 3365 2239 3425 penes

339 3437 662 3500 Titianum
689 3440 963 3516 fratrem,
980 3442 1077 3503 vis
1100 3463 1171 3503 ac
1190 3453 1469 3522 potestas
1496 3463 1687 3522 penes
1709 3443 2046 3503 Proculum
2073 3463 2243 3523 prae-

337 3534 571 3596 fectum
596 3557 613 3612 3
680 3538 896 3599 Celsus
950 3549 1014 3600 et
1070 3540 1388 3615 Paulinus,
1444 3560 1586 3601 cum
1639 3541 1973 3621 prudentia
2026 3561 2241 3602 eorum

2261 254 2346 320 95

2285 442 2346 487 10

2285 927 2347 971 15

2286 2292 2348 2337 10

2284 2778 2345 2824 15

2285 3263 2350 3308 20
