2738 4048
678 278 1069 325 EXCERPTA
1115 277 1422 327 DIALOGI
1466 278 1565 325 DE
1609 277 2097 327 ORATORIBUS.
2280 262 2406 328 155

394 436 509 495 bus
552 454 747 513 prope
794 435 1010 494 diebus
1060 454 1130 494 ac
1179 455 1372 515 prope
1421 435 1706 497 omnibus
1756 436 1922 496 horis
1972 436 2299 515 contingit.

397 533 562 604 Quid
587 532 754 591 enim
778 531 1018 591 dulcius
1045 531 1241 592 libero
1272 542 1335 591 et
1362 532 1635 610 ingenuo
1659 532 1863 591 animo
1893 542 1957 590 et
1985 533 2066 591 ad
2088 535 2302 611 volup-

395 638 556 689 tates
583 630 875 688 honestas
904 638 1069 701 nat0,
1093 647 1277 707 quam
1306 628 1518 687 videre
1547 630 1794 707 plenam
1823 648 2065 707 semper
2094 638 2158 688 et
2185 629 2304 688 fre-
2364 645 2406 690 -6

398 735 691 804 quentem
747 725 1003 783 domum
1059 744 1233 783 suam
1291 744 1591 784 concursu
1662 724 2301 803 splendidissimorum

396 822 758 881 hominum?
798 821 988 900 idque
1019 821 1171 880 scire
1201 840 1326 879 non
1355 821 1675 900 pecuniae,
1706 842 1831 880 non
1874 821 2144 895 orbitati,
2175 842 2299 880 non

399 917 577 978 officii
608 918 862 997 alicujus
893 917 1438 991 administrationi,
1469 918 1576 977 sed
1608 918 1723 977 sibi
1752 918 1872 996 ipsi
1904 917 2081 977 dari?
2124 918 2300 996 Ipsos

399 1015 545 1094 quin
573 1015 765 1074 immo
794 1014 976 1075 orbos
1006 1024 1070 1073 et
1104 1015 1447 1093 locupletes
1491 1024 1555 1073 et
1597 1025 1886 1093 potentes
1916 1015 2131 1073 venire
2175 1015 2302 1092 ple-

395 1132 654 1192 rumque
698 1113 778 1171 ad
818 1114 1117 1192 juvenem
1156 1122 1220 1171 et
1259 1131 1614 1190 pauperem,
1648 1123 1716 1172 ut
1745 1122 1851 1171 aut
1881 1131 1992 1171 sua
2021 1121 2129 1170 aut
2160 1110 2305 1170 ami-
2347 1127 2405 1169 ιο

398 1230 604 1269 corum
626 1209 982 1269 discrimina
1001 1209 1459 1269 commendent.
1511 1208 1739 1269 Ullane
1759 1217 1936 1267 tanta
1954 1208 2299 1285 ingentium

396 1326 585 1385 opum
634 1326 704 1366 ac
753 1326 1014 1386 magnae
1060 1306 1381 1385 potentiae
1431 1305 1739 1384 voluptaS,
1785 1324 1969 1385 quam
2017 1317 2299 1383 spectare

325 1465 330 1469 ,
394 1404 674 1463 homines
697 1414 938 1463 veteres
966 1413 1031 1463 et
1059 1423 1236 1463 senes
1266 1413 1330 1462 et
1359 1402 1555 1462 totius
1577 1402 1746 1461 urbis
1774 1402 1977 1481 gratia
2005 1401 2299 1460 subnixos

395 1500 458 1559 in
502 1520 740 1560 summa
779 1521 986 1560 rerum
1030 1502 1306 1561 omnium
1364 1499 1747 1559 abundantia
1802 1499 2188 1570 confitentes,
2230 1497 2297 1556 id

397 1597 563 1676 quod
605 1598 910 1677 optimum
939 1598 1019 1657 sit
1049 1617 1113 1657 se
1142 1618 1268 1657 non
1307 1597 1584 1658 habere?
1616 1596 1750 1675 jam
1792 1615 1941 1653 vero
1985 1595 2088 1673 qui
2131 1604 2301 1673 toga
2342 1609 2404 1655 15

395 1705 597 1753 torum
629 1695 960 1753 comitatus
989 1704 1053 1754 et
1082 1694 1396 1773 egressus!
1441 1712 1597 1773 quae
1639 1692 1701 1751 in
1746 1691 1994 1770 publico
2029 1691 2294 1770 species!

396 1810 550 1869 quae
581 1791 642 1850 in
677 1791 932 1870 judiciis
959 1791 1313 1852 veneratio!
1359 1791 1524 1869 quod
1554 1789 1852 1869 gaudium
1884 1787 2297 1867 consurgendi

396 1888 842 1967 assistendique
891 1889 1057 1948 inter
1104 1898 1386 1948 tacentes
1435 1897 1499 1947 et
1555 1888 1620 1947 in
1678 1907 1869 1946 unum
1926 1885 2296 1946 conversos!

397 1986 559 2045 coire
608 1986 904 2065 populum
954 1994 1020 2046 et
1075 1986 1489 2046 circumfundi
1548 2005 1840 2046 coronam
1899 1994 1963 2044 et
2020 1982 2296 2062 accipere

396 2082 687 2142 affectum
718 2103 1144 2163 quemcunque
1183 2093 1392 2153 orator
1434 2084 1739 2144 induerit!
1783 2083 2068 2163 vulgaria
2097 2083 2301 2142 dicen·
2339 2096 2404 2142 20

393 2180 552 2240 tium
599 2180 830 2258 gaudia
879 2191 943 2239 et
991 2181 1420 2259 imperitorum
1469 2202 1711 2261 quoque
1769 2183 1963 2241 oculis
2014 2180 2335 2263 exposita

394 2295 758 2355 percenseo:
789 2277 895 2335 illa
918 2278 1250 2337 secretiora
1272 2288 1335 2338 et
1357 2287 1605 2339 tantum
1634 2281 1781 2359 ipsis
1806 2281 2123 2341 orantibus
2147 2290 2297 2341 nota

392 2374 626 2453 majora
668 2384 830 2433 sunt.
934 2374 1078 2434 Sive
1122 2385 1470 2435 accuratam
1527 2379 2015 2457 meditatamque
2057 2379 2297 2458 profert

393 2469 754 2544 orationem,
778 2482 871 2530 est
893 2472 1207 2551 quoddam
1237 2473 1395 2533 sicut
1424 2473 1615 2552 ipsius
1640 2476 1948 2547 ‹lictioniS,
1973 2476 2059 2534 ita
2080 2474 2295 2554 gaudii

392 2568 634 2646 pondus
676 2577 741 2628 et
780 2569 1167 2642 constantia3
1209 2570 1339 2629 sive
1382 2591 1612 2630 novam
1641 2579 1705 2629 et
1740 2578 2050 2630 recentem
2081 2590 2292 2629 curam
2337 2585 2401 2630 25

393 2683 515 2723 non
546 2664 676 2726 sine
707 2665 913 2744 aliqua
941 2664 1357 2745 trepidatione
1399 2667 1588 2726 animi
1632 2668 1930 2740 attulerit,
1960 2667 2095 2745 ipsa
2137 2666 2296 2726 solli-

393 2759 604 2820 citudo
649 2762 1045 2822 commendat
1088 2774 1381 2822 eventum
1426 2775 1490 2823 et
1532 2765 1920 2824 lenocinatur
1960 2763 2292 2841 voluptati.

398 2856 522 2916 Sed
579 2859 1019 2937 extemporalis
1077 2860 1373 2919 audaciae
1432 2869 1618 2940 atque
1673 2861 1866 2940 ipsius
1924 2860 2294 2919 temeritatis

392 2955 492 3012 vel
527 2954 857 3033 praecipua
895 2957 1255 3035 jucunditas
1299 2968 1432 3031 est3
1474 2978 1617 3017 nam
1650 2962 1719 3017 in
1747 2958 2001 3036 ingenio
2031 2977 2293 3036 quoque,

393 3049 551 3109 sicut
580 3050 643 3109 in
667 3071 835 3131 agrO,
859 3072 1209 3134 quanquam
1242 3056 1276 3125 †
1308 3055 1429 3113 alia
1451 3055 1556 3113 diu
1587 3065 1867 3114 serantur
1890 3066 2073 3132 atque
2099 3053 2298 3113 elabo-
2339 3070 2402 3114 30

390 3156 626 3220 rentur,
654 3149 930 3224 gratiora
956 3160 1166 3209 tamen
1199 3170 1355 3229 quae
1387 3171 1497 3210 sua
1527 3161 1746 3228 sponte
1775 3161 2132 3209 nascuntur.

472 3244 566 3302 21.
625 3243 842 3306 Oratio
885 3257 1110 3320 autem,
1152 3246 1313 3306 sicut
1356 3267 1575 3325 corpus
1617 3247 1898 3315 hominiS,
1929 3266 2002 3304 ea
2045 3248 2293 3305 demum

390 3341 650 3418 pulchra
668 3352 780 3416 est,
800 3343 864 3401 in
884 3362 1006 3422 qua
1028 3363 1151 3402 non
1171 3343 1446 3402 eminent
1464 3362 1660 3402 venae
1684 3362 1796 3401 nec
1816 3361 1948 3401 ossa
1973 3363 2294 3402 numeran-

388 3446 511 3510 tur,
541 3439 651 3497 sed
680 3449 1065 3517 temperatus
1109 3460 1180 3499 ac
1222 3441 1420 3499 bonus
1463 3440 1713 3518 sanguis
1755 3440 1976 3518 implet
2017 3440 2295 3499 membra

391 3544 456 3595 et
483 3537 763 3616 exsurgit
794 3536 948 3596 toris
976 3537 1264 3616 ipsosque
1300 3557 1525 3596 nervos
1568 3537 1754 3595 rubor
1798 3537 1957 3616 tegit
2002 3547 2065 3597 et
2109 3538 2295 3596 decor
