2738 4048
828 277 1233 325 ANNALIUM
1276 277 1499 323 menn
1544 256 1866 325 ramus.‘
2275 262 2358 326 37

347 439 713 518 Augustum
780 435 1151 496 devinxerat
1219 434 1399 509 ade0,
1452 434 1551 494 uti
1616 443 1910 515 nepotem
1977 435 2252 512 unicum,
2293 452 2357 499 20

347 536 701 615 Agrippam
724 532 1114 606 Postumum,
1136 533 1202 592 in
1229 533 1495 592 insulam
1519 530 1873 591 Planasiam
1893 534 2251 613 projecerit,

348 632 571 692 rudem
599 651 744 691 sane
772 630 1076 689 bonarum
1106 630 1332 689 artium
1363 640 1428 689 et
1455 629 1679 689 robore
1713 630 1990 708 corporis
2025 631 2250 692 stolide

346 729 641 800 ferocem,
671 727 899 787 nullius
927 735 1136 801 tamen
1165 726 1387 805 fiagitii
1416 736 1824 804 compertum.
1881 726 1973 786 At
1999 728 2251 787 hercule

351 825 809 898 Germanicum,
841 823 1061 883 Druso*
1091 834 1319 897 ortum,
1348 832 1493 883 octo
1536 823 1704 901 apud
1734 822 2026 884 Rhenum
2068 826 2255 904 legio·

307 988 313 993 ,
350 922 531 982 nibus
579 922 876 1001 imposuit
921 921 1268 1000 adscirique
1312 940 1425 999 per
1466 919 1868 998 adoptionem
1917 941 1954 981 a
2004 922 2252 983 Tiberio
2295 937 2358 984 25

349 1020 554 1101 jussit,
586 1039 933 1098 quanquam
976 1027 1138 1078 esset
1178 1018 1243 1077 in
1287 1018 1475 1077 domo
1506 1017 1744 1078 Tiberii
1785 1019 1947 1078 filius
1982 1020 2275 1098 juvenis,-

353 1117 462 1177 sed
506 1136 627 1195 quo
670 1115 950 1195 pluribus
999 1115 1406 1174 munimentis
1461 1114 1798 1174 insisteret.
1881 1116 2131 1175 Bellum
2180 1135 2255 1176 ea

351 1222 726 1292 tempestate
755 1212 997 1271 nullum
1038 1211 1159 1270 nisi
1202 1211 1499 1271 adversus
1531 1211 1870 1272 Germanos
1912 1221 2253 1292 supererat,

354 1310 695 1370 abolendae
737 1310 938 1389 magis
980 1308 1271 1369 infamiae
1315 1308 1396 1367 ob
1441 1308 1732 1369 amissum
1775 1329 1915 1368 cum
1947 1309 2253 1380 Quintilio

351 1407 527 1468 Varo
585 1407 947 1480 exercitum,
1005 1426 1189 1486 quam
1244 1406 1540 1484 cupidine
1595 1406 1955 1485 proferendi
2008 1407 2259 1486 imperii
2298 1422 2361 1469 30

353 1514 462 1564 aut
503 1505 765 1583 dignum
802 1505 882 1563 ob
920 1504 1284 1582 praemium.
1367 1502 1560 1563 Domi
1600 1524 1700 1563 res
1740 1504 2132 1582 tranquillae,
2163 1524 2257 1563 ea-

356 1603 499 1660 dem
540 1601 1016 1680 magistratuum
1059 1600 1399 1673 vocabula3
1439 1599 1716 1680 juniores
1757 1609 1900 1678 post
1928 1599 2257 1659 Actiacam

352 1699 702 1770 victoriam,
726 1699 913 1757 etiam
944 1715 1120 1757 senes
1140 1697 1424 1776 plerique
1452 1697 1615 1756 inter
1640 1697 1804 1755 bella
1833 1695 2063 1755 civium
2091 1695 2256 1755 nati:

355 1805 580 1876 quotus
611 1795 868 1874 quisque
898 1795 1173 1874 reliquus
1204 1794 1311 1874 qui
1337 1794 1783 1873 rempublicam
1809 1793 2112 1853 vidisset?

458 1894 514 1952 4.
571 1891 776 1971 Igitur
805 1912 984 1951 verso
1015 1891 1289 1951 civitatis
1319 1900 1486 1951 statu
1514 1891 1670 1950 nihil
1698 1910 1955 1969 usquam
1978 1890 2165 1970 prisci
2194 1899 2260 1951 et

354 1990 585 2070 integri
621 1989 848 2050 moris:
891 2009 1105 2050 omnes
1146 1999 1336 2050 exuta
1364 1988 1740 2069 aequalitate
1762 1988 1934 2067 jussa
1961 1986 2259 2068 principis

356 2099 693 2169 aspectare,
724 2089 896 2148 nulla
936 2088 999 2147 in
1044 2108 1335 2167 praesens
1376 2087 1724 2159 formidine,
1755 2085 1906 2144 dum
1933 2085 2260 2164 Augustus

356 2196 562 2247 aetate
590 2187 836 2247 validus
873 2205 1059 2265 seque
1099 2194 1163 2244 et
1205 2185 1460 2243 domum
1502 2193 1565 2243 et
1606 2203 1823 2262 pacem
1865 2183 2257 2242 sustentavit.

359 2284 705 2365 Postquam
730 2293 1031 2365 provecta
1051 2283 1182 2361 jam
1212 2290 1495 2341 senectus
1525 2300 1712 2359 aegro
1742 2289 1805 2339 et
1835 2299 2092 2358 corpore
2120 2278 2262 2338 fati·
2334 2292 2365 2338 5

355 2384 623 2463 gabatur
646 2384 983 2462 aderatque
1007 2380 1148 2440 finis
1180 2387 1242 2438 et
1271 2398 1409 2456 spes
1439 2398 1657 2451 novae,
1679 2376 1862 2456 pauci
1890 2377 2053 2436 bona
2079 2376 2260 2435 liber-

355 2481 506 2541 tatis
550 2481 857 2540 incassum
898 2479 1221 2551 disserere,
1250 2476 1459 2554 plures
1499 2474 1731 2533 bellum
1774 2492 2124 2552 pavescere,
2155 2471 2260 2531 alii

355 2597 604 2657 cupere.
714 2576 871 2636 Pars
938 2576 1140 2634 multo
1194 2573 1469 2632 maxima
1535 2570 1918 2630 imminentis
1975 2568 2261 2628 dominos

356 2675 546 2735 variis
601 2673 954 2733 rumoribus
1011 2670 1423 2730 differebant:
1491 2677 1734 2727 trucem
1788 2664 2137 2744 Agrippam
2195 2672 2261 2723 et

356 2771 701 2851 ignominia
731 2789 1057 2829 accensum
1087 2787 1211 2826 non
1243 2775 1449 2826 aetate
1477 2783 1678 2842 neque
1707 2782 1913 2821 rerum
1948 2758 2263 2838 experien-
2305 2774 2367 2818 10

356 2870 448 2929 tia
486 2876 698 2928 tantae
752 2866 903 2925 moli
944 2884 1176 2943 parem,
1218 2862 1542 2922 Tiberium
1587 2860 1901 2919 Neronem
1948 2867 2260 2915 maturum

361 2966 557 3038 annis,
602 2972 950 3042 spectatum
991 2961 1175 3033 bello,
1219 2960 1330 3019 sed
1372 2969 1587 3019 vetere
1630 2968 1813 3035 atque
1856 2954 2043 3014 insita
2087 2953 2263 3012 Clau-

357 3062 499 3120 diae
562 3060 836 3119 familiae
898 3052 1223 3137 superbia,²
1259 3058 1580 3135 multaque
1650 3052 1882 3112 indicia
1943 3048 2259 3122 saevitiae,

359 3175 714 3236 quanquam
754 3165 1137 3235 premantur,
1176 3172 1521 3231 erumpere.
1605 3151 1792 3209 Hunc
1836 3157 1900 3208 et
1941 3146 2141 3226 prima
2184 3146 2261 3205 ab

358 3253 624 3313 infantia
665 3253 961 3312 eductum
1008 3251 1073 3310 in
1118 3250 1302 3310 domo
1345 3247 1734 3327 regnatrice3
1790 3252 2118 3324 congestos
2172 3243 2266 3322 ju·
2307 3257 2367 3301 15

358 3350 508 3410 veni
549 3351 923 3421 consulatus,
953 3348 1337 3427 triumphos;
1378 3364 1458 3403 ne
1500 3344 1576 3403 iis
1613 3342 1867 3422 quidem
1910 3341 2106 3413 annis,
2135 3338 2265 3419 qui-

360 3450 478 3508 bus
521 3447 736 3508 Rhodi
776 3446 982 3525 specie
1033 3463 1306 3506 secessus
1347 3442 1492 3501 exul
1535 3441 1756 3520 egerit,
1799 3439 2033 3519 aliquid
2074 3457 2262 3518 quam

360 3547 520 3628 iram
550 3554 615 3606 et
643 3545 1103 3606 simulationem
1132 3551 1197 3603 et
1233 3548 1503 3602 secretas
1539 3538 1833 3599 libidines
1869 3537 2264 3598 meditatum.
