2738 4048
375 264 460 327 40
980 280 1372 328 EXCERPTA
1414 279 1838 328 TAGITIANA.

483 437 870 498 sermonibus
912 439 1208 518 praebere
1255 458 1452 512 aures,
1499 437 1766 518 denique
1810 438 2028 498 luxum
2077 447 2142 499 et
2186 439 2386 500 otium

377 550 440 596 10
481 555 728 614 cupere,
758 536 1150 614 disciplinam
1180 546 1243 596 et
1270 536 1548 595 laborem
1578 535 1911 614 aspernari.
1982 534 2138 596 Erat
2165 535 2231 595 in
2260 556 2384 597 cas-

482 632 597 692 tris
639 631 1019 692 Percennius
1063 632 1335 711 quidam,
1375 632 1503 690 dux
1546 631 1696 692 olim
1735 631 2134 691 theatralium
2174 652 2385 711 opera-

482 750 640 802 rum,
685 729 830 788 dein
874 729 1195 808 gregarius
1234 729 1432 802 miles,
1475 747 1707 807 procax
1756 728 1970 807 lingua
2013 740 2078 790 et
2123 729 2383 790 miscere

484 836 696 886 coetus
722 826 1072 885 histrionali
1099 825 1306 885 studio
1336 825 1578 884 doctus.
1660 824 1723 885 Is
1764 825 2088 904 imperitos
2126 826 2384 901 animOS,

485 932 550 982 et
580 942 883 1002 quaenam
912 931 1053 1002 post
1081 922 1441 1001 Augustum
1468 921 1728 981 militiae
1759 922 2043 983 condicio
2074 922 2387 1002 ambigen-

377 1034 440 1079 15
481 1029 595 1093 teS,
637 1019 955 1098 impellere
996 1018 1297 1097 paulatim
1337 1019 1659 1078 nocturnis
1703 1008 2026 1098 colloquiis
2069 1027 2175 1078 aut
2216 1020 2384 1080 flexo

483 1116 550 1175 in
599 1134 922 1194 vesperam
971 1116 1092 1189 die,
1138 1124 1203 1174 et
1259 1114 1512 1195 dilapsis
1568 1115 1923 1176 melioribus
1978 1116 2387 1176 deterrimum

488 1232 795 1292 quemque
839 1232 1234 1291 congregare.

570 1310 665 1370 17.
748 1309 1077 1370 Postremo
1107 1309 1415 1388 promptis
1442 1312 1574 1391 jam
1603 1321 1667 1371 et
1705 1311 1839 1371 aliis
1868 1311 2192 1372 seditionis
2234 1310 2388 1372 min-

485 1407 654 1468 istris
702 1408 877 1467 velut
926 1407 1472 1467 concionabundus
1526 1409 1972 1488 interrogabat,
2016 1428 2124 1469 cur
2170 1408 2387 1487 paucis

487 1504 972 1576 centurionibus,
996 1503 1388 1583 paucioribus
1409 1505 1674 1565 tribunis
1701 1505 1767 1564 in
1792 1506 2046 1564 modum
2069 1525 2389 1565 servorum

487 1602 861 1662 obedirent?
915 1601 1163 1681 quando
1221 1621 1477 1662 ausuros
1534 1621 1864 1681 exposcere
1919 1601 2214 1676 remedia,
2262 1601 2388 1662 nisi

379 1713 411 1760 5
484 1720 718 1760 novum
747 1709 810 1759 et
838 1708 1162 1758 nutantem
1206 1698 1410 1758 adhuc
1450 1698 1797 1778 principem
1837 1699 2122 1778 precibus
2151 1699 2253 1758 vel
2296 1718 2388 1758 ar-

484 1797 603 1857 mis
645 1796 934 1856 adirent?
1017 1795 1181 1856 Satis
1223 1815 1334 1875 per
1375 1805 1472 1855 tot
1515 1815 1707 1856 annos
1749 1795 2001 1876 ignavia
2040 1805 2385 1875 peccatum,

489 1892 657 1972 quod
684 1894 922 1952 tricena
951 1902 1058 1952 aut
1086 1894 1487 1972 quadragena
1526 1893 1836 1972 stipendia
1877 1912 2072 1966 seneS,
2103 1902 2167 1952 et
2207 1893 2388 1972 pleri-

488 2009 608 2069 que
664 1998 955 2049 truncato
1011 2009 1089 2049 ex
1145 1989 1505 2050 vulneribus
1562 2009 1840 2069 corpore,
1895 1990 2186 2051 tolerent.
2283 1989 2386 2051 Ne

489 2085 756 2145 dimissis
786 2085 1039 2164 quidem
1066 2085 1257 2145 finem
1286 2106 1417 2146 esse
1444 2087 1725 2160 militiae,
1755 2088 1865 2147 sed
1894 2087 2058 2167 apud
2088 2087 2389 2147 vexillum

382 2198 444 2244 10
485 2183 817 2243 tendentes
847 2182 968 2242 alio
996 2183 1300 2243 vocabulo
1335 2184 1587 2243 eosdem
1626 2184 1867 2244 labores
1909 2184 2205 2263 perferre.
2285 2183 2390 2244 Ac

488 2280 541 2341 si
570 2280 706 2360 quis
736 2289 832 2341 tot
861 2300 1035 2341 casus
1063 2280 1197 2342 vita
1224 2281 1631 2359 superaverit,
1662 2281 1826 2341 trahi
1871 2282 2073 2342 adhuc
2112 2281 2389 2342 diversas

486 2377 553 2436 in
581 2387 798 2451 terraS,
822 2378 928 2438 ubi
957 2398 1068 2457 per
1097 2398 1323 2437 nomen
1353 2397 1645 2457 agrorum
1673 2378 1937 2457 uligines
1966 2378 2264 2457 paludum
2286 2378 2389 2438 vel

486 2475 723 2535 inculta
751 2476 1059 2536 montium
1087 2475 1413 2556 accipiant.
1497 2474 1834 2534 Enimvero
1872 2475 2160 2534 militiam
2187 2475 2389 2553 ipsam

486 2592 763 2652 gravem,
792 2573 1283 2634 infructuosam:
1327 2571 1503 2632 denis
1541 2571 1605 2631 in
1636 2571 1803 2630 diem
1841 2571 2074 2631 assibus
2117 2571 2388 2631 animam

381 2683 445 2730 15
487 2679 551 2731 et
593 2690 813 2750 corpus
848 2670 1161 2730 aestimari
1187 2691 1201 2730 ε
1241 2669 1390 2730 hinc
1418 2678 1677 2742 vestem,
1706 2687 1895 2742 arma,
1924 2668 2213 2741 tentoria,
2240 2667 2389 2727 hinc

488 2767 812 2827 saevitiam
840 2767 1275 2826 centurionum
1304 2777 1368 2827 et
1396 2765 1754 2826 vacationes
1781 2784 2107 2823 munerum
2142 2764 2387 2825 redimi.

486 2864 579 2923 At
607 2864 857 2923 hercule
886 2864 1146 2923 verbera
1174 2873 1238 2923 et
1266 2864 1546 2936 vulnera,
1577 2862 1797 2921 duram
1839 2861 2131 2936 hiemem,
2162 2862 2392 2921 exerci-

488 2970 586 3020 tas
628 2969 915 3033 aestates,
949 2959 1181 3019 bellum
1223 2968 1405 3019 atrox
1447 2968 1554 3019 aut
1596 2959 1870 3019 sterilem
1911 2978 2128 3037 pacem
2171 2957 2391 3036 sempi-

487 3064 687 3116 terna.
790 3055 927 3116 Nec
983 3056 1153 3115 aliud
1209 3055 1632 3115 levamentum
1687 3075 1874 3135 quam
1928 3056 1981 3142 si
2035 3055 2219 3115 certis
2274 3054 2389 3115 sub

382 3166 446 3211 20
488 3152 728 3232 legibus
757 3153 981 3213 militia
1006 3152 1287 3226 iniretur,
1316 3161 1389 3211 ut
1422 3151 1696 3231 singulos
1726 3152 2013 3212 denarios
2054 3162 2388 3225 mererent,

490 3260 700 3310 sextus
730 3249 1025 3310 decumus
1053 3247 1351 3328 stipendii
1378 3267 1575 3307 annus
1603 3249 1791 3308 finem
1820 3248 2092 3322 afferret,
2114 3267 2194 3307 ne
2224 3247 2391 3307 ultra

490 3345 604 3405 sub
642 3347 886 3406 vexillis
927 3354 1311 3418 tenerentur,
1341 3344 1454 3404 sed
1482 3344 1679 3404 isdem
1705 3345 1771 3404 in
1801 3345 2018 3405 castris
2047 3343 2392 3425 praemium

490 3441 755 3519 pecunia
775 3442 1139 3502 solveretur.
1206 3442 1313 3501 An
1342 3440 1682 3519 praetorias
1704 3443 2009 3516 cohorteS,
2032 3460 2188 3522 quae
2212 3440 2390 3501 binos

489 3537 777 3597 denarios
799 3538 1170 3617 acceperint,
1193 3557 1350 3617 quae
1373 3546 1516 3616 post
1537 3538 1811 3598 sedecim
1839 3558 2033 3601 annos
2060 3538 2391 3619 penatibus
