2738 4048
472 184 557 249 46

473 369 535 415 10

472 854 533 899 15

470 1335 533 1381 20

454 1780 530 1868 ἵε

465 3178 525 3224 10

1124 199 1516 248 EXCERPTA
1561 200 1988 250 TAGITIANA.

578 354 659 415 ad
696 355 1202 435 superstitionem
1238 358 1558 437 perculsae
1599 359 1792 417 semel
1831 367 2093 434 mentes,
2123 359 2243 421 sibi
2283 371 2482 422 aeter·

577 474 727 513 num
770 455 1044 514 laborem
1083 456 1397 533 portendi,
1427 474 1538 514 sua
1576 455 1855 514 facinora
1896 456 2169 516 aversari
2210 457 2360 518 deos
2400 447 2483 519 la}

577 560 955 610 mentantur.
1040 551 1367 612 Utendum
1395 551 1798 611 inclinatione
1839 571 1914 610 ea
1943 552 2187 627 Caesar,
2216 563 2281 615 et
2322 575 2480 635 quae

579 665 753 707 casus
782 647 1093 707 obtulerat
1121 648 1185 705 in
1215 647 1584 726 sapientiam
1612 648 1920 707 vertenda
1946 659 2137 723 ratus,
2168 651 2480 711 circumiri

578 743 848 804 tentoria
872 745 1083 823 jubet:
1114 744 1350 803 accitur
1380 744 1660 804 centurio
1685 744 1990 819 Clemens,
2014 756 2078 806 et
2100 746 2151 806 si
2174 747 2275 806 alii
2298 748 2480 809 bonis

576 840 810 899 artibus
830 840 994 919 grati
1022 841 1087 899 in
1109 841 1350 919 vulgus,
1422 840 1478 899 Ii
1503 840 1751 918 vigiliis,
1775 842 2162 917 stationibus,
2182 845 2479 905 custodiis

576 947 896 1016 portarum
924 956 988 995 se
1016 937 1317 1009 inserunt,
1340 956 1515 1015 spem
1543 937 1835 1010 offerunt,
1857 949 2095 999 metum
2123 940 2477 1001 intendunt.

578 1041 594 1070 ‘
613 1033 947 1112 Quousque
974 1034 1170 1092 filium
1199 1033 1591 1113 imperatoris
1621 1034 2081 1096 obsidebimus?
2120 1037 2256 1116 quis
2285 1047 2480 1098 certa

576 1128 813 1187 minum
853 1128 1039 1188 finis?
1085 1127 1516 1189 Percennione
1560 1138 1624 1190 et
1662 1130 1980 1190 Vibuleno
2022 1143 2478 1194 sacramentum

576 1224 808 1285 dicturi
828 1226 1077 1284 sumus?
1133 1224 1514 1286 Percennius
1537 1236 1599 1286 et
1618 1227 1967 1287 Vibulenus
1990 1228 2303 1307 stipendia
2323 1230 2479 1289 mili-

574 1322 763 1395 tibus,
780 1341 960 1399 agros
977 1321 1250 1382 emeritis
1265 1323 1651 1402 largientur?
1692 1324 1958 1404 denique
1981 1344 2095 1404 pro
2118 1325 2476 1388 Neronibus

576 1431 642 1478 et
664 1417 886 1477 Drusis
915 1417 1246 1496 imperium
1269 1420 1483 1498 populi
1513 1420 1781 1480 Romani
1805 1432 2129 1500 capessent
2145 1423 2173 1481 ’Β
2199 1423 2346 1502 quin
2371 1444 2477 1502 po-

574 1515 720 1588 tius,
749 1525 820 1575 ut
849 1515 1168 1576 novissimi
1197 1516 1261 1575 in
1293 1517 1557 1595 culpam,
1588 1518 1678 1577 ita
1703 1517 1888 1597 primi
1918 1519 1997 1578 ad
2025 1520 2474 1599 paenitentiam

574 1634 785 1675 sumus
803 1614 831 1672 ⁴?
914 1615 1122 1674 Tarda
1149 1623 1293 1673 sunt
1324 1634 1480 1694 quae
1510 1614 1574 1673 in
1605 1635 1929 1676 commune
1965 1617 2473 1694 expostulantur:

573 1714 883 1792 privatam
897 1714 1162 1792 gratiam
1178 1712 1390 1772 statim
1406 1730 1701 1784 mereare,
1716 1711 1928 1770 statim
1944 1712 2068 1772 reci
2073 1711 2244 1791 pias.’
2297 1713 2476 1773 Com-

572 1809 760 1868 motis
788 1828 901 1888 per
926 1810 1079 1868 haec
1108 1807 1421 1867 mentibus
1444 1816 1507 1866 et
1529 1806 1694 1867 inter
1714 1826 1779 1866 se
1803 1809 2414 1887 suspecti8,tironem
2437 1828 2474 1868 a

574 1912 892 1976 veterano,
920 1903 1233 1980 legionem
1267 1922 1303 1961 a
1339 1903 1585 1981 legione
1627 1903 1979 1962 dissociant.
2065 1902 2228 1961 Tum
2267 1899 2473 1965 redire

574 1997 876 2078 paulatim
906 2016 1077 2056 amor
1105 1996 1413 2076 obsequii:
1457 1998 1758 2058 omittunt
1798 2008 2030 2077 portaS,
2059 1996 2252 2077 signa,
2282 2018 2474 2058 unum

574 2094 641 2155 in
670 2095 875 2154 locum
902 2093 1208 2173 principio
1237 2094 1560 2156 seditionis
1581 2107 1985 2176 congregata,
2015 2115 2155 2156 suas
2189 2094 2256 2155 in
2291 2095 2476 2157 sedes

573 2193 871 2254 referunt.

656 2292 750 2350 29.
835 2290 1092 2364 Drusus,
1121 2298 1259 2350 orto
1289 2289 1391 2350 die
1431 2298 1494 2350 et
1521 2299 1745 2350 vocata
1774 2288 2089 2363 concione,
2122 2308 2477 2369 quanquam

572 2387 746 2447 rudis
775 2387 1042 2461 dicendi,
1066 2387 1389 2447 nobilitate
1417 2386 1697 2466 ingenita
1724 2387 1965 2447 incusat
1994 2387 2218 2466 priora,
2247 2387 2476 2466 probat

572 2484 953 2564 praesentia3
993 2494 1184 2565 negat
1223 2504 1288 2544 se
1325 2494 1563 2544 terrore
1608 2494 1671 2544 et
1711 2484 1893 2543 minis
1926 2483 2127 2544 vinci:
2168 2484 2361 2544 flexos
2392 2484 2474 2543 ad

571 2582 942 2642 modestiam
982 2581 1033 2641 si
1073 2582 1306 2655 videat,
1349 2581 1401 2641 si
1458 2581 1765 2660 supplices
1822 2581 2052 2654 audiat,
2095 2580 2476 2660 scripturum

568 2678 735 2759 patri
764 2688 833 2738 ut
861 2679 1138 2757 placatus
1167 2679 1485 2758 legionum
1504 2698 1718 2758 preces
1747 2677 2077 2756 exciperet.
2136 2677 2473 2738 Orantibus

571 2796 813 2836 rursum
839 2774 1007 2834 idem
1037 2775 1293 2835 Blaesus
1321 2785 1388 2836 et
1417 2774 1487 2835 L.
1517 2774 1853 2855 Apronius,
1878 2794 2064 2853 eques
2087 2774 2408 2835 Romanus
2437 2795 2473 2835 e

572 2873 828 2933 cohorte
864 2871 1073 2945 Drusi,
1103 2871 1146 2932 J
1150 2883 1442 2951 ustusque
1489 2871 1804 2945 Catonius,
1834 2871 2018 2949 primi
2061 2870 2294 2930 ordinis
2335 2890 2475 2931 cen-

570 2969 754 3042 turi0,
784 2968 865 3027 ad
893 2967 1211 3027 Tiberium
1238 2968 1592 3029 mittuntur.
1678 2969 1999 3029 Certatum
2041 2966 2188 3026 inde
2231 2977 2475 3027 senten-

569 3066 693 3140 tiis,
714 3085 853 3125 cum
872 3064 975 3125 alii
997 3065 1409 3144 opperiendos
1438 3065 1678 3145 legatos
1701 3076 1884 3144 atque
1907 3063 2158 3124 interim
2177 3063 2471 3125 comitate

567 3162 1077 3243 permulcendum
1104 3162 1366 3222 militem
1390 3171 1732 3236 censerent,
1756 3162 1859 3221 alii
1888 3160 2252 3221 fortioribus
2281 3180 2474 3221 reme-

572 3259 689 3319 diis
747 3259 1085 3339 agendum:
1141 3258 1298 3317 nihil
1344 3258 1410 3317 in
1460 3259 1649 3338 vulgo
1706 3259 2052 3332 modicum;
2107 3267 2362 3331 terrere,
2403 3258 2471 3318 ni

568 3365 837 3434 paveant
863 3375 878 3429 ;
933 3355 1041 3414 ubi
1095 3354 1547 3433 pertimuerint,
1604 3356 1856 3435 impune
1912 3354 2261 3416 contemni:
2318 3354 2473 3414 dum

568 3450 927 3530 superstitio
956 3461 1196 3529 urgeat,
1225 3450 1612 3530 adjiciendos
1654 3471 1732 3512 ex
1773 3453 1932 3512 duce
1959 3460 2182 3525 metus,
2209 3450 2471 3511 sublatis
