2738 4048
392 261 518 325 116
958 276 1350 325 EXOERPTA
1396 275 1828 325 TAGITLANA.

496 454 614 514 que
644 444 709 494 et
738 433 1043 513 Hispania
1081 435 1310 495 auxilia
1338 435 1636 495 Vitellius
1678 433 2006 507 acciverat,
2034 434 2408 495 immensam

389 547 451 592 10
492 532 641 592 belli
680 533 930 605 molem,
961 532 1025 590 ni
1067 532 1385 592 Antonius
1427 532 1495 591 id
1537 533 1740 611 ipsum
1780 542 2068 591 metuens
2108 532 2406 592 festinato

390 1032 451 1076 15

391 2287 453 2332 10

391 2772 451 2817 15

494 630 728 709 proelio
758 629 1083 688 victoriam
1111 630 1543 708 praecepisset.
1610 628 1923 689 Universo
1955 648 2097 687 cum
2126 629 2408 688 exercitu

495 727 782 787 secundis
825 746 861 784 a
902 726 1156 785 Verona
1205 728 1422 786 castris
1466 725 1842 785 Bedriacum
1883 725 2093 785 venit:
2147 737 2399 803 postero

496 824 598 882 die
627 822 975 901 legionibus
998 824 1077 881 ad
1099 823 1510 882 muniendum
1532 822 1813 895 retentiS,
1839 822 2165 881 auxiliares
2195 824 2409 882 cohor-

494 927 590 978 tes
619 919 684 977 in
717 919 1199 979 Cremonensem
1229 939 1448 998 agrurn
1478 918 1720 992 missae,
1750 928 1820 979 ut
1862 918 2064 997 specie
2106 918 2408 997 paranda-

493 1036 633 1074 rum
662 1015 979 1094 copiarum
1009 1016 1176 1075 civili
1218 1016 1450 1094 praeda
1492 1016 1719 1075 milites
1761 1015 2231 1075 imbuerentur:
2274 1015 2406 1094 ipse

497 1132 637 1172 cum
669 1122 965 1190 quattuor
994 1114 1239 1172 milibus
1270 1113 1556 1191 equitum
1584 1113 1665 1171 ad
1695 1121 1990 1172 octavum
2031 1131 2068 1170 a
2095 1110 2408 1172 Bedriaco

497 1230 875 1289 progreSSUS,
919 1230 1040 1288 quo
1098 1210 1385 1270 licentius
1427 1210 1912 1289 popularentur3
1968 1208 2407 1288 exploratores,

498 1316 566 1368 ut
597 1327 730 1367 mos
760 1316 870 1381 est,
900 1307 1145 1385 longius
1175 1307 1523 1366 cursabant.

582 1404 676 1462 16.
749 1402 986 1475 Quinta
1024 1403 1222 1462 ferme
1264 1404 1420 1462 hora
1460 1402 1585 1462 diei
1636 1411 1788 1475 erat,
1833 1423 1975 1462 cum
2016 1401 2174 1461 citus
2216 1421 2408 1481 eques

498 1500 836 1560 adventare
875 1500 1104 1574 hostes,
1133 1500 1463 1579 praegredi
1502 1519 1752 1579 paucos,
1780 1508 2023 1559 motum
2063 1497 2408 1558 fremitum-

497 1617 616 1676 que
671 1598 797 1656 late
854 1597 1054 1656 audiri
1109 1597 1444 1657 nuntiavit.
1530 1584 1695 1657 Dum
1736 1597 2054 1657 Antonius
2109 1596 2408 1675 quidnam

497 1694 811 1772 agendum
854 1694 1185 1767 consultat,
1216 1694 1521 1754 aviditate
1563 1695 1888 1753 navandae
1930 1712 2152 1772 operae
2179 1693 2407 1753 Arrius

498 1791 706 1851 Varus
735 1811 875 1850 cum
904 1791 1381 1870 promptissimis
1410 1791 1690 1870 equitum
1719 1790 2006 1871 prorupit
2033 1788 2405 1869 impulitque

497 1886 872 1947 Vitellianos
900 1887 1147 1947 modica
1174 1888 1402 1962 caede;
1444 1908 1588 1947 nam
1630 1888 1900 1968 plurium
1942 1906 2199 1947 accursu
2227 1906 2407 1946 versa

495 1982 767 2057 fortuna,
790 1995 853 2044 et
876 1984 1207 2045 acerrimus
1232 1984 1490 2064 quisque
1515 1984 1909 2065 sequentium
1935 1983 2124 2064 fugae
2148 1982 2406 2044 ultimus

498 2090 632 2139 erat
658 2100 671 2138 ε
727 2100 841 2139 nec
891 2093 1112 2159 sponte
1159 2082 1428 2141 Antonii
1474 2091 1900 2162 properatum,
1945 2092 2011 2141 et
2058 2081 2194 2141 fore
2245 2100 2405 2160 quae

500 2175 855 2235 acciderant
897 2178 1168 2238 rebatur.
1252 2179 1560 2240 Hortatus
1601 2199 1743 2239 suos
1803 2189 1871 2239 ut
1923 2197 2154 2258 magno
2195 2178 2404 2239 animo

494 2282 885 2351 capesserent
927 2293 1219 2353 pugnam,
1250 2277 1525 2336 diductis
1561 2277 1626 2336 in
1655 2278 1853 2336 latera
1879 2275 2101 2336 turmis
2130 2295 2401 2337 vacuum

499 2369 709 2429 medio
738 2371 1031 2449 relinquit
1059 2372 1197 2447 iter,
1229 2394 1350 2453 quo
1383 2374 1624 2448 Varum
1668 2375 2030 2453 equitesque
2073 2374 2208 2454 ejus
2249 2373 2405 2433 reci-

498 2477 705 2545 peret3
726 2467 933 2546 jussae
964 2471 1183 2529 armari
1213 2471 1529 2549 legiones3
1559 2472 1775 2531 datum
1804 2492 1915 2550 per
1945 2491 2128 2552 agros
2155 2471 2403 2550 signum

496 2573 587 2637 ut,
619 2555 740 2643 qua
769 2568 991 2644 cuique
1019 2567 1394 2645 proximum,
1417 2568 1643 2628 omissa
1670 2569 1904 2648 praeda
1932 2568 2168 2647 proelio
2199 2588 2407 2628 occur-

495 2675 681 2722 reret.
752 2662 1027 2722 Pavidus
1056 2663 1306 2723 iuterim
1337 2664 1544 2725 Varus
1573 2666 1792 2726 turbae
1822 2685 2076 2726 suorum
2103 2665 2403 2725 miscetur

493 2758 827 2837 intulitque
859 2759 1252 2820 formidinem
1278 2781 1291 2819 ε
1334 2762 1517 2839 pulsi,
1548 2783 1689 2822 cum
1722 2763 1946 2823 sauciis
1988 2761 2242 2841 integri,
2267 2780 2402 2820 suo-

495 2864 625 2914 met
654 2855 772 2934 ipsi
802 2865 974 2914 metu
1004 2868 1067 2914 et
1096 2858 1398 2936 angustiis
1432 2859 1671 2919 viarum
1701 2859 2238 2919 conflictabantur.

581 2953 675 3013 17.
731 2952 995 3012 Nullum
1023 2954 1088 3012 in
1118 2954 1226 3014 illa
1255 2956 1674 3035 trepidatione
1705 2956 2021 3017 Antonius
2059 2955 2404 3016 constantis

496 3048 673 3110 ducis
695 3060 802 3109 aut
830 3050 1011 3111 fortis
1034 3051 1248 3112 militis
1272 3054 1537 3113 officium
1561 3054 1802 3113 omisit:
1833 3073 2153 3114 occursare
2176 3073 2404 3132 paven-

496 3146 683 3220 tibus,
706 3148 972 3208 retine1·e
997 3150 1309 3222 cedenteS,
1335 3150 1441 3209 ubi
1462 3151 1762 3229 plurimus
1792 3151 1981 3223 labor,
2007 3151 2171 3208 unde
2194 3149 2404 3227 aliqua

497 3262 653 3320 speS,
700 3245 976 3320 consilio,
1025 3267 1235 3319 manu,
1277 3266 1431 3306 voce
1488 3247 1746 3326 insignis
1804 3245 1987 3319 hosti,
2036 3247 2403 3324 conspicuus

498 3339 623 3398 suis
645 3340 760 3416 :‘,eo
790 3356 1106 3422 postremo
1137 3343 1371 3403 ardoris
1401 3354 1732 3422 provectus
1764 3354 1875 3416 est,
1907 3353 1977 3403 ut
2007 3342 2398 3403 vexillarium

496 3436 836 3516 fugientem
859 3443 1039 3501 hasta
1065 3441 1595 3502 transverberaret
1616 3460 1632 3516 ;
1660 3461 1806 3500 mox
1828 3450 2077 3519 raptum
2100 3440 2402 3500 vexillum

497 3531 563 3591 in
591 3534 833 3594 hostem
856 3537 1081 3597 vertit:
1112 3558 1232 3616 quo
1256 3538 1493 3616 pudore
1522 3536 1688 3597 haud
1710 3536 1918 3615 plures
1941 3556 2126 3616 quam
2149 3545 2404 3597 centum
