2738 4048
851 269 1258 319 ANNALIUM
1300 269 1523 323 LIBER
1566 268 1867 318 PRIMUS.
1909 277 1915 283 '

370 448 522 490 vero
554 428 802 504 nitenti,
829 437 901 489 ut
938 449 1151 490 sensus
1192 447 1334 489 suos
1377 428 1625 507 penitus
1667 427 1944 502 abderet,
1972 426 2039 487 in
2079 427 2273 489 incer-

370 535 508 589 tum
550 535 615 587 et
656 526 1015 606 ambiguum
1056 526 1254 606 magis
1307 525 1809 604 implicabantur.
1908 525 2003 585 A't
2042 534 2270 604 patres,

373 623 594 702 quibus
622 643 781 683 unus
808 633 1012 684 metus
1041 623 1093 683 si
1118 622 1469 701 intelligere
1503 622 1884 695 viderentur,
1913 620 1979 680 in
2019 631 2273 701 questus

371 720 657 781 lacrimas
684 730 835 781 vota
862 720 1136 795 effundi3
1165 720 1245 779 ad
1275 720 1444 793 deos,
1468 719 1547 778 ad
1576 719 1841 798 effigiem
1870 718 2162 797 Augusti,
2192 719 2275 778 ad

370 835 574 895 genua
599 816 793 896 ipsius
814 837 1032 877 manus
1060 817 1341 890 tendere,
1364 836 1506 875 cum
1527 814 1790 894 proferri
1819 815 2097 875 libellum
2124 816 2275 875 reci-

371 913 615 992 tarique
647 914 852 994 jussit.
935 913 1102 993 Opes
1132 913 1414 993 publicae
1445 911 1941 986 continebantur,
1972 921 2274 991 quantum

373 1009 604 1070 civium
633 1010 1063 1089 sociorumque
1102 1011 1166 1068 in
1207 1009 1413 1082 armis,
1444 1018 1598 1088 quot
1625 1008 1866 1082 classes,
1896 1028 2107 1087 regna,
2137 1028 2274 1087 pro-

371 1107 634 1181 vinciae,
662 1106 900 1166 tributa
928 1116 1035 1167 aut
1063 1106 1415 1186 vectigalia,
1445 1117 1509 1165 et
1538 1105 1939 1169 necessitates
1982 1124 2053 1164 ac
2095 1104 2276 1184 largi-

372 1203 595 1264 tiones.
668 1202 843 1275 Quae
873 1212 1098 1264 cuncta
1127 1223 1236 1263 sua
1262 1223 1451 1262 manu
1479 1202 1924 1282 perscripserat
1950 1202 2275 1281 Augustus

373 1301 828 1380 addideratque
872 1300 1197 1360 consilium
1240 1300 1569 1359 coercendi
1616 1299 1785 1359 intra
1823 1298 2125 1360 terminos
2164 1300 2276 1359 im-

372 1397 550 1476 perii,
579 1397 887 1457 incertum
915 1406 1090 1457 metu
1118 1417 1195 1456 an
1224 1417 1335 1476 per
1361 1396 1686 1456 invidiam.

484 1494 579 1554 15.
653 1494 817 1554 Tum
843 1494 1115 1573 primum
1144 1514 1177 1554 e
1209 1513 1427 1572 campo
1459 1493 1712 1555 comitia
1739 1493 1819 1552 ad
1847 1503 2056 1572 patres
2083 1501 2275 1554 trans-

373 1591 500 1651 lata
544 1599 725 1651 sunt:
770 1610 916 1650 nam
961 1591 1043 1650 ad
1091 1610 1228 1650 eam
1258 1591 1446 1662 diem,
1486 1590 1605 1650 etsi
1649 1591 1973 1668 potissima
2017 1589 2274 1650 arbitrio

373 1687 690 1767 principis,
715 1677 1021 1767 quaedam
1048 1696 1260 1746 tamen
1289 1686 1513 1746 studiis
1540 1687 1817 1746 tribuum
1837 1687 2089 1747 fiebant.
2150 1686 2216 1746 N
2219 1706 2277 1746 e-

376 1804 496 1863 que
529 1785 793 1864 populus
829 1785 1194 1863 ademptum
1234 1786 1336 1864 jus
1381 1792 1632 1863 questus
1674 1794 1769 1843 est
1807 1782 1929 1844 nisi
1970 1782 2140 1843 inani
2179 1804 2277 1844 ru-

375 1901 569 1955 more,
626 1891 691 1942 et
746 1892 996 1942 senatus
1051 1880 1485 1960 largitionibus
1540 1899 1612 1940 ac
1668 1880 1954 1958 precibus
2009 1880 2278 1942 sordidis

375 1978 689 2046 exsolutus
738 1979 935 2040 libens
983 1979 1208 2052 tenuit,
1255 1978 1621 2038 moderante
1652 1977 1904 2038 Tiberio
1942 1997 2021 2039 ne
2064 1978 2273 2058 plures

375 2096 561 2155 quam
600 2085 895 2156 quattuor
936 2076 1302 2136 candidatos
1344 2076 1827 2150 commendaret,
1857 2076 1989 2136 sine
2030 2078 2277 2157 repulsa

375 2180 438 2232 et
469 2173 707 2233 ambitu
736 2173 1170 2253 designandos.
1240 2171 1417 2234 Inter
1440 2191 1596 2252 quae
1625 2172 1861 2232 tribuni
1889 2174 2093 2253 plebei
2121 2175 2277 2254 peti-

373 2289 540 2343 vere,
569 2279 640 2329 ut
667 2270 920 2350 proprio
949 2280 1203 2349 sumptu
1231 2271 1488 2331 ederent
1524 2272 1724 2346 ludos,
1754 2272 1861 2351 qui
1904 2273 1982 2332 de
2023 2272 2275 2333 nomine

2292 247 2378 313 39

2315 733 2377 779 15

2316 1217 2380 1262 20

373 2367 649 2447 Augusti
688 2367 867 2428 fastis
901 2368 1103 2428 additi
1131 2369 1514 2448 Augustales
1544 2378 1939 2430 vocarentur.
2023 2370 2150 2430 Sed
2178 2371 2281 2430 de-
2320 2383 2381 2429 10

376 2474 546 2525 creta
571 2464 833 2545 pecunia
862 2485 941 2525 ex
971 2466 1229 2540 aerario,
1261 2475 1453 2545 utque
1489 2486 1600 2546 per
1638 2467 1871 2527 circum
1912 2466 2276 2546 triumphali

374 2570 547 2622 veste
596 2572 964 2622 uterentur:
1015 2582 1200 2623 curru
1247 2564 1395 2623 vehi
1442 2563 1608 2623 haud
1654 2563 2037 2643 permissum.
2120 2562 2275 2622 Mox

376 2658 709 2719 celebratio
732 2678 936 2718 annua
958 2659 1039 2719 ad
1061 2668 1418 2738 praetorem
1445 2660 1765 2735 translata,
1788 2659 1887 2720 cui
1914 2659 2080 2719 inter
2109 2658 2276 2719 cives

376 2762 441 2814 et
466 2754 826 2835 peregrinos
851 2755 1207 2836 jurisdictio
1238 2755 1566 2817 evenisset.

484 2851 580 2911 16.
664 2850 788 2911 Hic
814 2871 1024 2911 rerum
1052 2852 1428 2911 urbanarum
1456 2862 1654 2914 status
1683 2862 1835 2927 erat,
1865 2872 2006 2913 cum
2033 2850 2279 2912 Panno·

374 2947 545 3009 nicas
585 2948 863 3028 legiones
897 2948 1124 3009 seditio
1161 2948 1434 3022 incessit,
1463 2950 1649 3011 nullis
1688 2950 1868 3011 novis
1911 2949 2128 3023 causis,
2156 2948 2278 3009 nisi

376 3044 546 3123 quod
572 3053 850 3105 mutatus
876 3045 1166 3125 princeps
1195 3045 1512 3106 licentiam
1541 3047 1864 3106 turbarum
1898 3055 1963 3106 et
1996 3065 2074 3105 ex
2108 3044 2279 3105 civili

376 3141 538 3201 bello
581 3161 757 3220 spem
798 3142 1216 3222 praemiorum
1259 3142 1651 3203 ostendebat.
1735 3142 1970 3203 Castris
2024 3140 2278 3201 aestivis

357 3222 503 3298 'tres
571 3238 754 3298 simul
821 3238 1099 3318 legiones
1166 3239 1578 3313 habebantur,
1633 3238 2027 3319 praesidente
2084 3237 2127 3299 J
2131 3236 2279 3297 unio

375 3332 622 3409 Blaes0‚
659 3335 765 3415 qui
804 3335 928 3395 fine
968 3335 1243 3415 Augusti
1293 3344 1358 3396 et
1404 3334 1602 3395 initiis
1642 3334 1878 3395 Tiberii
1922 3334 2150 3396 auditis
2197 3333 2278 3394 ob

372 3431 691 3512 justitium
719 3441 828 3493 aut
858 3433 1157 3510 gaudium
1194 3431 1616 3492 intermiserat
1649 3430 1833 3493 solita
1867 3401 2278 3512 muniaXEo

372 3526 683 3607 principio
723 3528 1007 3590 lascivire
1047 3528 1249 3603 miles,
1286 3528 1663 3603 discordare,
1690 3527 1943 3608 pessimi
1982 3528 2279 3609 cujusque
