2738 4048
404 233 486 297 98
983 245 1376 294 EXCERPTA
1417 246 1845 296 TAOITIANA.

507 405 777 466 Othonis
818 405 1016 484 prima
1055 405 1382 485 Adjutrix,
1426 425 1548 463 non
1595 413 1737 464 ante
1779 405 1845 463 in
1889 404 2084 464 aciem
2126 405 2415 479 deducta,

400 517 431 562 5
505 504 612 564 sed
643 504 815 562 ferox
846 514 909 562 et
939 503 1087 562 novi
1116 502 1357 560 decoris
1389 501 1591 561 avida.
1657 501 1937 560 Primani
1966 501 2176 561 stratis
2205 511 2418 560 unaet-

508 600 1017 660 vicesimanorum
1040 599 1358 678 principiis
1384 597 1651 676 aquilam
1677 598 2019 673 abstulere3
2049 619 2169 677 quo
2200 599 2413 657 dolore

509 717 764 756 accensa
791 697 952 775 legio
984 708 1047 755 ct
1076 695 1324 773 impulit
1353 714 1564 753 rursus
1592 694 1925 773 primanos,
1946 695 2279 754 interfecto
2303 694 2414 753 Or-

508 795 655 852 fidio
700 794 984 871 Benigno
1043 793 1268 870 legato,
1311 801 1377 850 et
1418 791 1686 869 plurima
1726 791 1903 869 signa
1943 792 2293 870 vexillaque
2336 811 2413 850 ex

501 890 783 949 hostibus
839 889 1066 968 rapuit.
1149 890 1211 946 A
1252 898 1431 966 parte
1475 888 1594 947 alia
1634 889 1926 966 propulsa
1969 886 2413 967 quintanorum

403 1004 458 1046 10
500 987 739 1064 impetu
780 985 970 1045 tertia
998 986 1261 1043 decuma
1301 985 1508 1061 legi03
1552 984 1960 1044 circumventi
2001 984 2277 1062 plurium
2319 1003 2413 1043 ac-

508 1103 691 1143 cursu
714 1083 1276 1162 quartadecumani.
1334 1081 1421 1140 Et
1445 1080 1702 1140 ducibus
1726 1080 1992 1140 Othonis
2019 1082 2150 1161 jam
2173 1081 2412 1159 pridem

506 1181 781 1260 profugis
825 1180 1091 1239 Caecina
1133 1199 1202 1238 ac
1245 1179 1483 1260 Valens
1525 1178 1814 1237 subsidiis
1865 1197 2007 1238 suos
2062 1178 2411 1239 firmabant.

507 1277 791 1338 Accessit
817 1297 1033 1336 recens
1072 1276 1389 1349 auxilium,
1420 1275 1628 1334 Varus
1656 1275 1920 1335 Alfenus
1963 1295 2104 1334 cum
2134 1274 2410 1347 Batavis,

507 1375 647 1434 fusa
699 1374 1115 1453 gladiatorum
1172 1385 1379 1445 manu,
1433 1391 1618 1451 quam
1674 1371 1936 1430 navibus
1992 1381 2413 1433 transvectam

402 1486 464 1531 15
508 1471 828 1550 oppositae
868 1472 1151 1529 cohortes
1192 1469 1258 1527 in
1301 1469 1434 1548 ipso
1475 1468 1732 1527 flumine
1775 1468 2281 1531 trucidaverant:
2320 1467 2414 1527 ita

507 1569 776 1647 victores
804 1569 966 1625 latus
994 1566 1266 1625 hostium
1297 1566 1546 1625 invecti.

588 1667 685 1725 44.
742 1665 827 1724 Et
850 1665 1053 1723 media
1076 1664 1204 1723 acie
1227 1673 1528 1742 perrupta
1555 1664 1767 1743 fugere
1797 1664 2028 1744 passim
2052 1663 2411 1737 Othoniani,

508 1762 881 1822 Bedriacum
901 1771 1185 1840 petentes
1209 1781 1221 1819 :
1250 1760 1623 1820 immensum
1650 1763 1715 1820 id
1744 1762 2032 1841 spatium,
2056 1763 2413 1822 obstructae

508 1869 714 1937 strage
744 1879 1072 1937 corporum
1094 1857 1251 1930 viae,
1276 1878 1397 1936 quo
1426 1860 1566 1937 plus
1596 1860 1803 1919 caedis
1832 1859 1984 1935 fuit3
2012 1880 2214 1939 neque
2245 1859 2413 1918 enim

510 1956 792 2016 civilibus
820 1955 998 2013 bellis
1029 1955 1196 2034 capti
1225 1955 1289 2012 in
1320 1957 1618 2034 praedam
1647 1965 2001 2019 vertuntur.
2078 1958 2412 2019 Suetonius

402 2068 433 2112 5
508 2052 807 2110 Paulinus
837 2062 899 2109 et
929 2052 1202 2110 Licinius
1231 2051 1535 2113 Proculus
1565 2054 1825 2115 diversis
1854 2053 2179 2117 itineribus
2209 2067 2416 2118 castra

509 2148 804 2207 vitavere.
887 2147 1165 2213 Vedium
1206 2148 1504 2227 Aquilam
1547 2152 1769 2211 tertiae
1813 2152 2108 2213 decumae
2151 2155 2413 2234 legionis

508 2245 783 2320 legatum
813 2243 940 2302 irae
965 2243 1232 2303 militum
1261 2246 1646 2308 inconsultus
1678 2268 1874 2327 pavor
1901 2251 2149 2311 obtulit.
2205 2251 2413 2312 Multo

510 2340 713 2399 adhu’c
758 2340 858 2399 die
904 2340 1134 2399 vallum
1190 2340 1502 2420 ingressus
1552 2346 1820 2406 clamore
1866 2348 2301 2409 seditiosorum
2332 2358 2414 2409 ¹et

508 2437 825 2517 fugacium
868 2437 1435 2517 circumstrepitur3
1485 2462 1610 2502 non
1651 2445 1911 2522 probris,
1953 2467 2078 2506 non
2126 2447 2414 2507 manibus

403 2551 461 2596 10
505 2534 852 2609 abstinent3
898 2536 1277 2596 desertorem
1315 2538 1826 2621 proditoremque
1869 2544 2210 2623 increpant,
2238 2545 2413 2603 nullo

507 2633 759 2713 proprio
810 2633 1066 2692 crimine
1116 2634 1263 2712 ejuS,
1307 2635 1418 2693 sed
1466 2657 1638 2697 more
1689 2640 1864 2719 vulgi
1919 2661 2100 2701 suum
2154 2641 2412 2720 quisque

505 2729 811 2809 flagitium
854 2730 990 2788 aliis
1034 2731 1438 2816 objectantes,
1522 2734 1844 2796 Titianum
1885 2749 1950 2798 et
1994 2738 2243 2799 Celsum
2283 2758 2413 2798 nox

504 2826 690 2907 juvit,
733 2826 1047 2916 dispositis
1087 2828 1220 2906 jam
1262 2830 1535 2890 excubiis
1580 2835 2045 2915 conpressisque
2090 2835 2410 2908 militibus,

508 2944 661 3003 quos
690 2924 935 2982 Annius
965 2924 1180 2983 Gallus
1223 2927 1496 3000 consilio,
1523 2931 1825 3007 precibuS,
1856 2933 2226 2993 auctoritate
2266 2933 2414 2992 flex-
2446 2956 2457 2966 ·

401 3035 462 3080 15
506 3030 658 3093 erat,
700 3040 779 3079 ne
825 3041 1007 3099 super
1056 3022 1298 3081 cladem
1348 3024 1644 3085 adversae
1689 3047 1935 3107 pugnae
1984 3028 2242 3089 suismet
2289 3028 2410 3107 ipsi

508 3118 798 3178 caedibus
828 3118 1178 3178 saevirent:
1221 3119 1351 3179 sive
1395 3121 1535 3181 finis
1576 3123 1740 3183 bello
1784 3124 2057 3186 venisset
2097 3146 2205 3185 seu
2246 3145 2413 3185 resu-

506 3233 674 3274 mere
698 3234 868 3276 arma
888 3217 1165 3289 mallent,
1189 3216 1441 3277 unicum
1462 3218 1646 3279 victis
1674 3220 1740 3279 in
1771 3242 2073 3282 consensu
2102 3224 2412 3282 levamen-

507 3317 660 3369 tum.
746 3312 983 3372 Ceteris
1011 3313 1246 3372 fractus
1277 3314 1549 3374 animus:
1592 3317 2024 3396 praetorianus
2066 3318 2243 3377 miles
2285 3338 2413 3378 non

507 3405 743 3466 virtute
774 3428 837 3467 se
866 3409 975 3469 sed
1010 3410 1365 3489 proditione
1397 3412 1633 3472 victum
1675 3413 1999 3475 fremebat.
2081 3415 2183 3474 Ne
2213 3414 2414 3474 Vitel-

400 3515 464 3560 20
505 3501 685 3562 lianis
708 3505 957 3583 quidem
980 3505 1366 3567 incruentam
1396 3507 1586 3568 fuisse
1609 3509 1957 3586 victoriam,
1979 3513 2159 3591 pulso
2177 3511 2413 3591 equite,
