2738 4048
440 231 524 296 70
1019 245 1410 316 ΕΧΟΕΒᾙΤΑ
1453 245 1880 293 TACITIANA.

542 413 675 463 tem
703 411 993 478 sectatus,
1022 425 1148 464 non
1180 404 1310 462 sine
1340 423 1588 463 rumore
1617 403 1846 482 Apicio
1876 401 2060 464 diviti
2091 410 2156 463 et
2182 406 2452 487 prodigo

543 511 824 579 stuprum
852 522 1014 562 veno
1044 503 1308 575 dedisse,
1331 522 1480 561 mox
1509 501 1831 560 Tiberium
1858 500 2047 561 variis
2078 502 2313 562 artibus
2343 505 2452 564 de-

540 599 762 672 vinxit,
795 600 949 658 adeo
994 608 1063 658 ut
1105 600 1437 658 obscurum
1479 599 1811 657 adversum
1852 598 2023 672 aHOS,
2054 599 2170 659 sibi
2212 601 2320 661 uni
2361 601 2450 661 in-

541 707 790 756 cautum
817 696 1243 775 intectumque
1270 697 1559 769 efficeret,
1582 716 1708 756 non
1737 705 1869 755 tam
1896 697 2169 756 sollertia
2189 699 2445 779 (quippe

434 807 495 851 15
537 791 737 851 isdem
767 792 1001 852 artibus
1031 793 1235 852 victus
1264 797 1386 871 est)
1416 812 1604 870 quam
1634 791 1822 852 deum
1850 792 1944 851 ira
1969 793 2036 852 in
2065 786 2198 853 rem
2222 795 2448 854 Roma-

540 907 703 961 nam,
746 889 918 966 cujus
960 889 1096 967 pari
1140 889 1334 948 exitio
1378 889 1582 967 viguit
1623 889 1989 969 ceciditque.
2075 892 2313 970 Corpus
2354 892 2446 951 illi

541 984 821 1042 laborum
852 985 1137 1059 tolerans,
1169 986 1412 1044 animus
1442 985 1682 1045 audax:
1724 987 1822 1046 sui
1849 987 2167 1066 obtegens,
2196 988 2261 1046 in
2292 988 2444 1048 alios

542 1078 935 1154 criminator3
975 1083 1159 1161 juxta
1189 1081 1463 1141 adulatio
1497 1093 1562 1142 et
1591 1084 1913 1162 superbia3
1953 1086 2159 1164 palam
2202 1104 2446 1164 compo-

539 1177 694 1237 situs
715 1178 932 1256 pudor,
955 1179 1121 1238 intus
1144 1199 1383 1238 summa
1406 1180 1722 1258 apiscendi
1746 1181 1957 1255 libido,
1982 1182 2231 1261 ejusque
2261 1201 2445 1241 causa

432 1289 495 1335 20
535 1275 725 1334 modo
752 1275 1001 1353 largitio
1032 1285 1095 1335 et
1124 1277 1324 1350 luxuS,
1357 1277 1601 1356 saepius
1636 1278 1943 1338 industria
1985 1297 2056 1337 ac
2094 1277 2441 1356 vigilantia,

540 1373 708 1432 haud
736 1373 939 1432 minus
970 1372 1209 1447 noxiae,
1238 1374 1527 1453 quotiens
1555 1377 1832 1455 parando
1863 1395 2054 1455 regno
2082 1375 2420 1455 finguntur.

620 1471 674 1528 2.
744 1469 895 1529 Vim
937 1470 1365 1548 praefecturae
1408 1473 1721 1532 modicam
1766 1482 1950 1541 antea
1990 1472 2282 1546 intendit,
2324 1472 2445 1532 dis-

539 1587 749 1648 persas
781 1588 893 1646 per
923 1567 1139 1627 urbem
1176 1570 1463 1629 cohortes
1507 1589 1629 1629 una
1669 1570 1734 1629 in
1778 1579 1980 1629 castra
2021 1570 2443 1645 conducend0‚

539 1677 611 1727 ut
651 1668 834 1727 simul
874 1669 1135 1747 imperia
1176 1669 1547 1748 acciperent,
1563 1688 1966 1746 ‘numeroque
2010 1676 2073 1727 et
2115 1667 2335 1726 robore
2377 1677 2443 1726 et

540 1765 676 1824 visu
718 1767 880 1824 inter
923 1786 986 1825 se
1028 1767 1258 1826 fiducia
1297 1767 1464 1846 ipsis,
1503 1762 1573 1826 ‘in
1616 1779 1854 1826 ceteros
1902 1774 2106 1824 metus
2148 1774 2441 1824 oreretur.

432 1876 462 1921 5
542 1862 1004 1923 Praetendebat
1034 1865 1313 1924 lascivire
1342 1864 1607 1923 militem
1637 1863 1996 1935 diductum3
2025 1862 2077 1920 si
2106 1861 2253 1940 quid
2285 1861 2445 1921 subi-

539 1967 676 2017 tum
704 1959 968 2038 ingruat,
999 1963 1235 2041 majore
1266 1961 1496 2020 auxilio
1524 1960 1760 2040 pariter
1789 1958 2139 2034 subveniri;
2184 1968 2248 2018 et
2278 1978 2444 2018 seve-

540 2056 663 2114 rius
693 2067 957 2131 acturos,
987 2058 1039 2117 si
1068 2059 1299 2118 vallum
1329 2069 1641 2119 statuatur
1669 2058 1883 2136 procul
1911 2056 2081 2116 urbis
2119 2056 2442 2116 illecebris.

542 2153 637 2214 Ut
685 2154 964 2232 perfecta
1013 2165 1158 2215 sunt
1208 2166 1427 2230 castra,
1472 2155 1745 2234 irrepere
1795 2154 2096 2233 paulatim
2144 2154 2443 2213 militares

542 2252 779 2312 animos
811 2252 1115 2326 adeu'ndO,
1146 2254 1517 2332 appellando
1542 2272 1558 2328 3
1601 2253 1783 2312 simul
1813 2250 2205 2311 centuriones
2233 2270 2304 2309 ac
2334 2251 2444 2310 tri-

434 2362 495 2408 10
535 2348 735 2409 bunos
776 2350 906 2430 ipse
947 2350 1236 2429 deligere.
1319 2349 1544 2429 Neque
1574 2348 1885 2409 senatorio
1914 2347 2153 2407 ambitu
2181 2347 2440 2407 abstine-

536 2447 646 2506 bat
684 2448 961 2522 ·clientes
1017 2468 1158 2508 suos
1210 2446 1547 2507 honoribus
1604 2455 1711 2505 aut
1765 2444 2103 2524 provinciis
2159 2444 2439 2519 ornandi,

536 2544 699 2604 facili
731 2546 984 2608 Tiberio
1016 2556 1201 2626 atque
1237 2544 1327 2604 ita
1354 2563 1573 2623 pron0,
1603 2552 1675 2602 ut
1716 2542 1951 2602 socium
1992 2541 2274 2599 laborum
2312 2560 2440 2599 non

536 2643 724 2704 modo
754 2645 817 2703 in
848 2645 1252 2717 sermonibus,
1284 2643 1393 2703 sed
1424 2642 1587 2720 apud
1618 2649 1823 2720 patres
1852 2649 1917 2698 et
1944 2639 2242 2717 populum
2283 2638 2441 2697 cele-

536 2740 760 2814 braret,
791 2742 1027 2821 colique
1056 2761 1168 2820 per
1196 2741 1444 2801 theatra
1474 2747 1537 2797 et
1564 2737 1701 2796 fora
1728 2735 1959 2814 effigies
1988 2737 2124 2815 ejus
2151 2734 2438 2814 interque

428 2852 490 2898 15
532 2838 837 2917 principia
863 2839 1178 2917 legionum
1210 2837 1455 2896 sineret.

617 2937 713 2995 32.
782 2935 1090 3014 Pleraque
1120 2954 1350 3008 eorum,
1382 2952 1536 3012 quae
1578 2930 1793 2992 rettuli
1837 2948 2112 3009 quaeque
2153 2928 2435 3001 referam,

534 3052 729 3111 parva
745 3032 1002 3092 forsitan
1023 3040 1086 3090 et
1103 3031 1264 3091 levia
1283 3038 1626 3089 memoratu
1640 3027 1838 3088 videri
1857 3047 1982 3086 non
2006 3024 2246 3085 nescius
2264 3045 2399 3085 sum
2421 3044 2436 3083 ε

534 3130 644 3188 sed
672 3149 856 3189 nemo
886 3128 1135 3188 annales
1163 3137 1409 3187 nostros
1439 3147 1580 3186 cum
1613 3126 1918 3204 scriptura
1947 3142 2160 3182 eorum
2189 3131 2438 3199 conten-

534 3226 717 3299 derit,
747 3225 854 3305 qui
894 3234 1140 3284 veteres
1178 3224 1393 3303 populi
1429 3222 1696 3283 Romani
1734 3242 1830 3282 res
1861 3238 2279 3298 composuere.
2338 3216 2439 3276 In-

425 3336 455 3381 5
534 3323 748 3401 gentia
774 3323 864 3381 illi
891 3323 1072 3395 bella,
1089 3321 1581 3400 expugnationes
1608 3318 1874 3392 urbium,
1896 3318 2068 3378 fusos
2097 3326 2434 3395 captosque

533 3439 731 3498 reges,
755 3429 862 3479 aut
881 3420 931 3478 si
960 3419 1206 3499 quando
1231 3418 1309 3476 ad
1332 3420 1576 3476 interna
1596 3423 2076 3495 praeverterent,
2096 3410 2436 3473 discordias

535 3516 856 3575 consulum
885 3517 1215 3575 adversum
1243 3514 1545 3588 tribunos,
1577 3512 1845 3592 agrarias
1873 3508 2455 3586 frumentariasque

414 4037 481 4040 -ἠγ
520 4037 523 4038 ⁷
938 4036 1103 4048 ¹¹—-
1280 4027 1315 4028 “‘
1348 4027 1408 4030 *j*
1500 4029 1645 4041 μὴν-,-
2347 4037 2390 4041 .-
2600 4037 2701 4048 q*
