2738 4048
866 213 1270 261 ANNALIUM
1312 214 1535 260 LIBER
1580 215 1881 263 PRIMUS.

384 373 595 453 egredi
624 391 1021 452 egressosque
1051 392 1293 432 rursum
1319 392 1431 453 per
1466 374 1725 433 humida
1753 384 1816 433 et
1844 375 2146 454 impedita
2174 377 2283 437 cir-

383 469 812 530 cumvenirent
853 471 1170 543 suadente,
1215 471 1519 529 atrociora
1559 470 1956 550 Inguiomero
2007 482 2071 533 et
2120 474 2285 534 laeta

382 566 674 641 barbaris,
702 576 775 626 ut
802 566 1032 626 vallum
1062 566 1246 626 armis
1275 567 1615 626 ambirent:
1645 578 2014 658 promptam
2056 590 2285 651 expug-

382 664 717 738 nationem,
744 665 950 743 plures
992 663 1287 742 captiVOS‚
1329 664 1754 743 incorruptam
1795 667 2090 744 praedam
2130 669 2280 730 fore.

382 760 586 840 Igitur
613 771 750 821 orta.
783 761 883 820 die
913 770 1214 840 proruunt
1242 761 1454 834 fossaS,
1483 762 1772 841 injiciunt
1802 774 2018 837 crateS‚
2046 786 2286 827 summa.

382 858 530 917 valli
556 869 870 938 prensant,
900 878 1038 916 raro
1069 878 1252 936 super
1279 858 1476 918 milite
1507 871 1572 918 et
1603 861 1775 938 quasi
1804 862 1884 921 ob
1912 873 2151 923 metum
2179 865 2281 923 de·-

383 956 525 1014 fix0.
607 954 949 1034 Postquam
977 956 1230 1015 haesere
1266 956 1685 1031 munimentis,
1715 958 1901 1019 datur
1929 961 2286 1021 cohortibus

383 1051 628 1131 signum
656 1071 1006 1130 cornuaque
1037 1071 1109 1111 ac
1136 1052 1322 1110 tubae
1352 1053 1740 1114 concinuere.
1820 1055 1985 1116 Exin
2017 1057 2283 1117 clamore

383 1158 447 1208 et
475 1149 714 1228 impetu
741 1149 933 1227 tergis
964 1148 1418 1208 Germanorum
1450 1151 2046 1226 circumfunduntur,
2076 1174 2289 1233 expro-

381 1246 633 1305 brantes
680 1266 806 1305 non
855 1246 955 1305 hic
1003 1246 1189 1305 silvas
1239 1266 1354 1305 nec
1401 1248 1680 1326 paludeS‚
1727 1250 1837 1309 sed
1886 1252 2096 1328 aequis
2137 1250 2286 1310 locis

384 1362 610 1423 aequos
642 1344 810 1403 deos.
894 1343 1086 1403 Hosti
1121 1344 1299 1403 facile
1330 1346 1642 1405 excidium
1670 1357 1734 1407 et
1764 1367 1994 1425 paucos
2029 1367 2101 1407 ac
2134 1368 2288 1407 sem-

385 1460 584 1500 ermos
609 1441 928 1520 cogitanti,
947 1461 1133 1501 sonus
1152 1442 1461 1517 tubarum,
1479 1444 1683 1523 fulgor
1705 1465 2033 1518 armorum,
2052 1456 2287 1525 quanto

381 1537 654 1616 inopina,
703 1547 882 1598 tanto
931 1540 1173 1618 majora
1221 1539 1670 1615 offunduntur3
1722 1542 2167 1620 cadebantque,
2217 1551 2290 1602 ut

383 1632 567 1692 rebus
618 1633 903 1692 secundis
947 1633 1136 1707 avidi,
1178 1633 1271 1693 ita
1319 1636 1595 1695 adversis
1632 1636 1881 1696 incauti.
1967 1637 2289 1696 Arminius

383 1727 644 1807 integer,
682 1728 1115 1809 Inguiomerus
1170 1740 1313 1809 post
1361 1752 1552 1810 grave
1595 1734 1819 1791 vulnus
1868 1753 2139 1811 pugnam
2190 1733 2291 1792 de·

385 1844 665 1886 seruere:
707 1828 932 1906 vulgus
962 1829 1345 1887 trucidatum
1375 1838 1488 1901 est,
1519 1829 1717 1888 donec
1750 1829 1843 1887 ira
1884 1839 1947 1888 et
1988 1830 2119 1889 dies
2156 1850 2289 1908 per-

383 1924 628 1984 mansit.
686 1924 892 1985 Nocte
921 1925 1175 1984 demum
1204 1946 1489 1985 reversae
1518 1926 1810 2005 legioneS,
1841 1927 2120 2006 quamvis
2150 1927 2287 2006 plus

2307 200 2394 267 55

2327 1072 2446 1120 10.

2332 1556 2393 1602 15

383 2023 710 2082 vulnerum
739 2023 959 2083 eadem
988 2024 1268 2084 ciborum
1298 2034 1541 2103 egestas
1569 2023 1879 2103 fatigaret,
1900 2024 2047 2099 vim,
2070 2027 2293 2085 sanitae-
2331 2040 2395 2085 20

384 2130 531 2196 tem,
560 2122 785 2201 copiae,
814 2133 1041 2184 cuncta
1068 2124 1133 2181 in
1161 2122 1425 2182 victoria
1453 2122 1736 2181 habuere.

492 2221 588 2281 69.
656 2220 1029 2281 Pervaserat
1057 2220 1309 2279 interim
1332 2219 1740 2279 circumventi
1770 2218 2075 2279 exercl'tus
2103 2219 2288 2292 fama,

385 2326 451 2377 et
490 2317 720 2378 infesto
751 2318 1205 2378 Germanorum
1235 2317 1482 2395 agmine
1512 2316 1744 2376 Gallias
1772 2317 1921 2394 peti,
1951 2335 2022 2376 ac
2063 2317 2130 2375 ni
2158 2315 2288 2395 Ag-

385 2414 628 2494 rippina
666 2415 1028 2493 impositum
1064 2415 1294 2475 ¹Rheno
1335 2422 1594 2491 pontem
1649 2413 1806 2472 solvi
1847 2412 2287 2491 prohibuisset,

386 2521 564 2571 erant
592 2512 695 2592 qui
724 2512 790 2570 id
817 2512 1125 2592 flagitium
1152 2511 1489 2572 formidine
1520 2510 1838 2568 auderent.
1909 2509 2033 2568 Sed
2061 2508 2291 2567 femina.

385 2608 604 2687 ingens
634 2609 822 2669 animi
850 2610 1061 2669 munia
1089 2609 1262 2669 ducis
1290 2628 1402 2688 per
1424 2628 1529 2667 eos
1558 2606 1691 2665 dies
1719 2605 1943 2678 induit,
1964 2604 2289 2664 militibus-

387 2724 526 2784 que,
548 2716 618 2766 ut
649 2706 784 2786 quis
811 2706 989 2786 inops
1019 2716 1126 2766 aut
1156 2706 1417 2779 saucius,
1439 2713 1681 2765 vestem
1711 2713 1774 2763 et
1801 2703 2083 2762 fomenta
2109 2701 2289 2759 dilar-

385 2803 520 2882 gita
560 2812 673 2864 est.
757 2803 983 2863 Tradit
1024 2805 1093 2866 C.
1137 2804 1398 2877 Plinius,
1437 2801 1944 2863 Germanicorum
1984 2799 2290 2859 bellorum

387 2901 664 2979 scriptor,
693 2900 936 2960 stetisse
973 2902 1134 2979 apud
1165 2901 1536 2979 principium
1565 2898 1793 2979 pontiS,
1823 2898 2036 2955 laudes
2066 2904 2130 2954 et
2157 2915 2291 2974 gra„-

386 3007 481 3056 tes
518 2998 777 3057 reversis
816 2998 1162 3076 legionibus
1190 2999 1545 3056 habentem.
1628 2997 1706 3056 Id
1737 2993 1970 3054 Tiberii
2014 2992 2288 3052 animum

388 3094 569 3153 altius
597 3094 986 3173 penetravit:
1014 3114 1139 3153 non
1169 3094 1333 3153 enim
1363 3094 1671 3172 simplices
1693 3113 1796 3152 eas
1828 3110 2025 3163 curas,
2048 3109 2164 3148 nec
2192 3090 2295 3148 ad-

386 3211 598 3250 versus
628 3200 916 3250 externos
946 3193 1161 3250 studia
1190 3192 1460 3251 militum
1490 3190 1719 3269 quaeri.
1794 3188 1973 3247 Nihil
2002 3186 2289 3246 relictum

388 3287 881 3365 imperatoribus,
921 3288 1027 3346 ubi
1068 3288 1296 3346 femina
1338 3287 1685 3364 manipulos
1727 3285 2071 3358 intervisat,
2115 3283 2292 3362 signa

389 3384 591 3457 adeat,
632 3384 1024 3462 largitionem
1072 3395 1294 3456 tentet,
1337 3394 1635 3461 tanquam
1684 3403 1903 3461 parum
1960 3381 2286 3442 ambitiose

387 3481 583 3540 filium
628 3481 800 3540 ducis
847 3481 1085 3560 gregali
1133 3480 1353 3539 habitu
1402 3480 1797 3539 circumferat
1841 3480 2290 3559 Caesaremque

2321 2126 2470 2285 Δ(

2337 3106 2577 3188 1ΟμΔΓΙ
