2738 4048
428 248 554 313 122
990 264 1383 312 EXGERPTA
1426 264 1854 313 TAcrrmnA.

611 423 707 483 26.
779 421 875 483 Ut
933 421 1303 481 Cremonam
1356 442 1603 497 venere,
1659 443 1894 483 novum
1947 421 2446 502 immensumque

528 542 682 601 opus
713 519 1000 582 occurrit.
1059 519 1417 581 Othoniano
1445 520 1612 580 bello
1636 519 2040 582 Germanicus
2068 520 2249 581 miles
2278 539 2446 580 moe-

527 620 707 679 nibus
739 616 1253 678 Cremonensium
1285 625 1486 676 castra
1513 636 1640 688 sua,
1672 617 1891 677 castris
1920 617 2157 695 vallum
2186 616 2444 677 circum-

525 717 764 795 jecerat
821 732 1016 792 eaque
1072 712 1460 772 munimenta
1524 732 1737 773 rursus
1805 722 2099 787 auxerat3
2172 733 2442 792 quorum

419 826 449 871 5
529 819 782 890 aspectu
803 811 1056 869 haesere
1082 809 1363 882 victoreS,
1385 809 1639 868 incertis
1661 809 1921 869 ducibus
1946 809 2097 888 quid
2123 790 2439 889 juberent.

528 906 809 985 Incipere
866 905 1416 984 oppugnationem,
1465 905 1626 966 fesso
1680 925 1792 984 per
1848 905 2017 966 diem
2064 916 2439 985 noctemque

527 1003 802 1062 exercitu
846 1003 1127 1075 arduum,
1173 1012 1237 1062 et
1278 1002 1448 1061 nullo
1481 1002 1669 1081 juxta
1709 1002 1984 1063 subsidio
2027 1021 2282 1081 anceps:
2337 1003 2438 1062 sin

526 1099 896 1160 Bedriacum
952 1099 1246 1171 redirent,
1295 1098 1725 1159 intolerandus
1780 1108 1911 1159 tam
1966 1098 2141 1178 longi
2189 1098 2438 1159 itineris

525 1197 714 1271 labor,
745 1206 808 1257 et
836 1197 1099 1257 victoria
1129 1197 1208 1254 ad
1238 1196 1485 1255 irritum
1512 1195 1984 1256 revolvebatur:
2027 1195 2268 1256 munire
2311 1215 2438 1257 cas-

419 1307 478 1352 10
521 1304 635 1366 tra,
675 1294 762 1353 id·
786 1313 1028 1373 quoque
1072 1292 1435 1372 propinquis
1485 1291 1766 1352 hostibus
1820 1291 2309 1366 formidolosum,
2351 1311 2433 1353 ne

526 1391 831 1469 dispersos
861 1402 924 1450 et
954 1410 1108 1468 opus
1137 1389 1465 1449 molientes
1498 1389 1704 1449 subita
1731 1389 2055 1467 eruptione
2085 1389 2431 1449 turbarent.

527 1487 702 1559 Quae
725 1507 906 1567 super
929 1497 1151 1546 cuncta
1173 1486 1449 1547 terrebat
1471 1486 1747 1565 ipsorum
1768 1486 1944 1545 miles
1964 1484 2223 1564 periculi
2245 1505 2435 1563 quam

523 1604 732 1645 morae
761 1584 1131 1663 patientior:
1175 1584 1403 1663 quippe
1433 1583 1679 1663 ingrata
1708 1601 1864 1662 quae
1893 1591 2050 1656 tuta,
2079 1601 2157 1640 ex
2191 1582 2437 1642 temeri-

520 1690 653 1742 tate
696 1701 866 1760 spes;
910 1680 1230 1761 omnisque
1261 1680 1484 1739 caedes
1515 1689 1579 1740 et
1607 1679 1868 1739 vulnera
1909 1686 1975 1740 et
2015 1677 2267 1759 sanguis
2308 1678 2436 1740 avi-

416 1791 477 1836 15
518 1777 714 1836 ditate
743 1778 1007 1856 praedae
1036 1778 1480 1856 pensabantur.

603 1874 704 1933 27..
756 1873 899 1933 Huc
926 1874 1250 1933 inclinavit
1271 1873 1590 1933 Antonius
1619 1864 1909 1953 cingique
1939 1873 2173 1932 vallum
2203 1891 2435 1933 corona

512 1970 726 2051 jussit.
768 1971 980 2031 Primo
1004 1971 1246 2051 sagittis
1269 1971 1554 2051 saxisque
1574 1971 1816 2031 eminus
1835 1969 2178 2044 certabant,
2197 1970 2433 2050 majore

522 2067 962 2130 Flavianorum
984 2067 1273 2145 pernicie,
1296 2068 1359 2126 in
1385 2088 1537 2146 quos
1567 2069 1694 2128 tela
1715 2068 1980 2147 desuper
2007 2068 2432 2144 librabantur3

521 2182 668 2221 mox
698 2164 929 2221 vallum
959 2173 1285 2243 portasque
1316 2164 1665 2243 legionibus
1694 2165 2000 2239 attribuit,
2023 2174 2093 2225 ut
2122 2164 2431 2224 discretus

413 2273 444 2317 5
521 2258 696 2317 labor
736 2259 928 2318 fortes
982 2259 1360 2339 ignavosque
1406 2261 1837 2341 distingueret,
1882 2271 2069 2342 atque
2109 2260 2246 2340 ipsa
2287 2281 2432 2322 con-

519 2354 798 2416 tentione
840 2355 1079 2415 decoris
1122 2343 1640 2418 accenderentur:
1695 2358 1982 2438 proxima
2021 2359 2428 2420 Bedriacensi

519 2451 657 2513 viae
706 2453 955 2516 tertiani
1005 2454 1455 2533 septimanique
1502 2476 1834 2536 sumpsere,
1877 2456 2230 2517 dexteriora
2275 2455 2427 2517 valli

519 2558 743 2611 octava
798 2569 869 2609 ac
938 2550 1201 2630 septima
1258 2551 1641 2627 Claudiana3
1709 2553 2275 2614 tertiadecumanos
2341 2552 2427 2612 ad

517 2646 880 2707 Brixianam
907 2658 1149 2726 portam
1178 2648 1449 2728 impetus
1479 2650 1642 2711 tulit.
1725 2649 1994 2710 Paulum
2020 2651 2167 2710 inde
2195 2669 2424 2724 morae,

409 2757 468 2802 10
510 2744 661 2802 dum
701 2762 777 2803 ex
818 2744 1114 2822 proximis
1158 2746 1319 2824 agris
1363 2747 1623 2825 ligones,
1654 2747 1959 2821 dolabraS,
1990 2756 2055 2807 et
2089 2746 2194 2806 alii
2233 2746 2422 2807 falces

515 2840 832 2918 scalasque
875 2850 1287 2901 convectant:
1343 2852 1482 2903 tum
1530 2843 1708 2904 elatis
1757 2863 1941 2921 super
1986 2843 2187 2923 capita
2230 2842 2423 2904 scutis

514 2936 706 2995 densa
734 2937 1047 3012 testudine
1083 2940 1447 3000 succedunt.
1529 2939 1850 2999 Romanae
1880 2940 2189 3019 utrimque
2219 2952 2419 3000 artes:

511 3033 790 3111 pondera
861 3053 1152 3094 saxorum
1222 3036 1551 3096 Vitelliani
1619 3036 2017 3114 provolvunt,
2086 3036 2415 3114 disjectam
2462 3115 2466 3120 ,

510 3129 982 3211 fluitantemque
1013 3132 1397 3193 testudinem
1439 3134 1668 3192 lanceis
1698 3132 2017 3210 contisque
2046 3141 2417 3206 scrutantur,

407 3239 469 3286 15
511 3226 707 3287 donec
736 3229 941 3290 soluta
969 3249 1267 3310 compage
1296 3239 1615 3289 scutorum
1643 3247 1986 3308 exsangues
2030 3238 2137 3288 aut
2180 3229 2418 3289 laceros

509 3333 974 3403 prosternerent
1002 3328 1199 3386 multa
1228 3346 1369 3385 cum
1399 3336 1621 3405 strage.
1704 3324 2052 3384 Incesserat
2081 3323 2417 3397 cunctatiO,

508 3420 576 3480 ni
603 3420 794 3481 duces
821 3422 986 3482 fesso
1014 3422 1199 3482 militi
1242 3432 1306 3482 et
1346 3422 1521 3482 velut
1561 3421 1766 3481 irritas
1807 3420 2272 3494 exhortationes
2314 3420 2417 3479 ab·

510 3517 731 3576 nuenti
763 3517 1130 3577 Cremonam
1159 3527 1631 3578 monstrassent.
