2738 4048
391 236 472 300 96

392 1005 452 1050 10

996 249 1392 298 EXCERPTA
1435 228 1864 297 ΤΑΟΙΤΙΑΝΑ.

494 429 678 469 nemo
726 417 1027 481 uteretur,
1076 407 1248 466 inani
1302 407 1556 467 nomine
1603 408 1830 466 ducum
1887 405 2124 466 alienae
2181 405 2398 484 culpae

495 506 1094 586 praetendebantur;
1123 505 1356 564 tribuni
1381 506 1892 582 centurionesque
1917 503 2210 582 ambigui,
2235 502 2401 582 quod

496 604 716 684 spretis
745 602 1101 662 melioribus
1131 586 1446 660 deterrimi
1474 602 1803 675 valebant3
1830 601 2009 660 miles
2038 601 2257 671 alacer,
2288 598 2395 679 qui

494 711 706 761 tamen
738 701 910 778 jussa
943 700 1173 758 ducum
1206 698 1601 776 interpretari
1644 718 1827 778 quam
1869 697 2122 776 exsequi
2163 698 2394 756 mallet.

497 796 862 867 Promoveri
892 795 971 853 ad
1002 805 1290 874 quartum
1319 815 1356 853 a
1384 794 1692 853 Bedriaco
1724 804 1924 853 castra
1953 791 2211 873 placuit,
2239 793 2395 852 adeo

495 891 807 970 imperite,
836 900 906 950 ut
934 910 1286 970 quanquam
1313 910 1507 949 verno
1536 900 1815 969 tempore
1859 891 2006 950 anni
2047 900 2111 950 et
2151 898 2251 951 tot
2292 890 2401 948 oir-

496 1009 636 1047 cum
667 987 947 1047 amnibus
975 988 1233 1066 penuria
1260 1006 1454 1067 aquae
1484 988 1909 1066 fatigarentur.
1991 986 2091 1046 Ibi
2120 987 2199 1045 de
2228 1005 2400 1065 proe-

496 1086 582 1147 lio
612 1085 983 1157 dubitatum,
1012 1085 1260 1144 Othone
1291 1105 1401 1163 per
1428 1085 1640 1144 literas
1667 1085 1991 1163 flagitante
2026 1094 2098 1143 ut
2138 1093 2401 1143 matura-

496 1193 656 1257 rent,
672 1182 972 1242 militibus
996 1192 1065 1241 ut
1086 1182 1423 1260 imperator
1441 1202 1687 1261 pugnae
1711 1182 1956 1242 adesset
1973 1180 2401 1261 poscentibus:

498 1281 774 1363 plerique
799 1280 1005 1358 copias
1029 1291 1197 1338 trans
1220 1278 1468 1338 Padum
1490 1287 1746 1357 agentes
1775 1278 1960 1338 acciri
1980 1278 2398 1357 postulabant.

463 1379 564 1439 ’Ν
568 1399 637 1439 ec
691 1378 950 1456 perinde
1006 1376 1331 1454 dijudicari
1385 1385 1594 1455 potest
1649 1375 1802 1454 quid
1857 1375 2164 1454 optimum
2226 1374 2399 1433 factu

393 1493 455 1538 15

396 2471 458 2517 10

396 3150 427 3194 5

404 3629 464 3675 10

497 1476 706 1549 fuerit,
739 1494 922 1554 quam
949 1473 1283 1553 pessimum
1310 1473 1495 1532 fuisse
1527 1474 1693 1552 quod
1721 1473 1953 1533 factum
1982 1482 2096 1532 est.

580 1574 676 1632 40.
731 1572 879 1631 Non
908 1581 978 1630 ut
1008 1571 1087 1628 ad
1116 1588 1390 1648 pugnam
1418 1570 1524 1628 sed
1556 1570 1634 1628 ad
1667 1566 2106 1629 debellandum
2133 1569 2398 1649 profecti

499 1676 880 1737 confluentes
923 1673 1084 1732 Padi
1134 1682 1198 1731 et
1240 1674 1467 1732 Aduae
1520 1660 1866 1747 fluminum,
1917 1667 2189 1728 sedecim
2244 1666 2392 1726 inde

497 1773 739 1833 milium
794 1771 994 1849 spatio
1036 1771 1357 1843 distantes,
1397 1771 1711 1849 petebant.
1796 1770 1979 1831 Celso
2019 1780 2086 1829 et
2125 1767 2392 1827 Paulino

499 1869 910 1929 abnuentibus
959 1868 1221 1927 militem
1273 1866 1497 1926 itinere
1541 1867 1792 1941 fessum,
1839 1866 2092 1927 sarcinis
2138 1884 2397 1945 gravem

501 1970 772 2050 objicere
794 1969 977 2042 hosti,
1000 1989 1124 2031 non
1156 1969 1456 2030 omissuro
1478 1989 1599 2050 quo
1620 1971 1825 2031 minus
1848 1970 2173 2050 expeditus
2202 1978 2266 2029 et
2295 1967 2404 2028 vix

499 2075 795 2146 quattuor
823 2065 993 2124 milia
1020 2085 1310 2144 passuum
1338 2088 1697 2146 progressus
1726 2077 1834 2128 aut
1861 2066 2304 2146 incompositos
2330 2065 2397 2124 in

503 2161 748 2241 agmine
791 2171 899 2220 aut
941 2162 1249 2241 dispersos
1298 2174 1362 2223 et
1389 2165 1623 2223 vallum
1664 2164 1992 2224 molientes
2033 2162 2397 2242 aggredere-

498 2271 621 2334 tur,
651 2261 934 2322 Titianus
969 2273 1031 2322 et
1074 2263 1392 2334 Proculus,
1421 2265 1528 2324 ubi
1571 2264 1839 2324 consiliis
1872 2263 2285 2334 vincerentur,
2316 2260 2395 2319 ad

491 2359 596 2438 jus
623 2357 864 2437 imperii
894 2361 1254 2420 transibant.
1309 2362 1553 2422 Aderat
1581 2381 1726 2420 sane
1757 2360 1917 2420 citus
1937 2379 2096 2438 equo
2120 2356 2399 2417 Numida

500 2476 640 2542 cum
671 2457 981 2518 atrocibus
1009 2458 1337 2532 mandatiS,
1368 2460 1589 2538 quibus
1620 2459 1788 2518 Otho
1822 2457 2128 2536 increpita
2169 2456 2398 2515 ducum

501 2554 765 2635 segnitia
797 2575 930 2614 rem
972 2556 1034 2615 in
1082 2556 1411 2615 discrimen
1454 2555 1620 2616 mitti
1667 2555 1950 2634 jubebat,
1994 2572 2180 2633 aeger
2226 2571 2401 2612 mora

502 2661 568 2712 et
598 2652 730 2731 spei
760 2652 1111 2731 impatiens.

582 2750 679 2809 41.
737 2748 980 2809 Eodem
1011 2751 1110 2810 die
1141 2751 1217 2810 ad
1252 2750 1580 2810 Caecinam
1625 2748 1796 2828 operi
1836 2748 2044 2829 pontis
2083 2748 2399 2809 intentum

503 2847 627 2907 duo
669 2847 1119 2926 praetoriarum
1160 2847 1508 2907 cohortium
1552 2846 1805 2920 tribuni,
1850 2846 2223 2926 colloquium
2266 2847 2402 2925 ejus

501 2945 906 3025 postulanteS,
947 2956 1285 3005 venerant:
1335 2945 1552 3004 audire
1595 2944 1990 3005 condiciones
2031 2963 2105 3003 ac
2143 2943 2403 3002 reddere

501 3042 778 3119 parabat,
822 3062 963 3102 cum
1003 3041 1373 3121 praecipites
1415 3042 1835 3120 exploratores
1892 3041 2106 3101 adesse
2156 3040 2405 3099 hostem

499 3139 883 3198 nuntiavere.
964 3138 1361 3217 Interruptus
1399 3139 1790 3198 tribunorum
1831 3157 2050 3211 sermo,
2081 3155 2276 3215 eoque
2316 3134 2406 3195 in-

505 3243 744 3294 certum
771 3235 911 3308 fuit,
941 3235 1198 3296 insidias
1229 3255 1306 3294 an
1333 3234 1748 3314 proditionem
1780 3235 1882 3294 vel
1911 3233 2163 3314 aliquod
2190 3233 2406 3292 hones-

503 3340 639 3390 tum
668 3332 990 3392 consilium
1017 3332 1463 3411 coeptaverint.
1553 3331 1820 3392 Caecina
1846 3330 2114 3391 dimissis
2140 3329 2405 3390 tribunis

504 3438 787 3489 revectus
826 3429 894 3488 in
935 3440 1153 3504 castra,
1181 3430 1401 3489 datum
1426 3430 1603 3509 jussu
1631 3428 1812 3489 Fabii
1839 3427 2127 3489 Valentis
2155 3446 2403 3505 pugnae

504 3523 749 3600 signum
776 3533 840 3584 et
867 3525 1131 3586 militem
1158 3526 1224 3585 in
1254 3525 1441 3586 armis
1478 3525 1737 3585 invenit.
1819 3525 1990 3585 Dum
2018 3523 2292 3604 legiones
2323 3524 2405 3582 de

505 3616 723 3675 ordine
753 3619 1013 3695 agminis
1041 3621 1406 3695 sortiuntur,
1429 3621 1667 3700 equites
1694 3641 2064 3702 prorupere3
2091 3631 2157 3681 et
2178 3619 2405 3680 mirum
