2738 4048
328 256 458 322 152
896 276 1293 324 EXOERPTA
1337 275 1767 324 TAOITIANA.

433 451 618 504 311110,
649 431 914 492 decumo
945 432 1264 492 Kalendas
1297 433 1681 512 Septembris
1711 433 1970 513 Collega
1996 433 2340 515 Priscoque

432 529 805 589 consulibus.
889 529 1075 601 Quod
1105 530 1155 589 si
1184 531 1465 589 habitum
1497 550 1742 609 quoque
1773 533 1909 610 ejus
1938 533 2170 610 posteri
2205 553 2343 593 nos-

324 642 356 687 5
434 648 572 688 cere
601 627 819 698 velint,
851 627 1173 686 decentior
1201 647 1384 706 quam
1415 628 1736 687 sublimior
1761 628 1918 701 fuit3
1951 629 2107 688 nihil
2134 640 2342 689 metus

430 726 495 784 in
534 725 752 785 vultu:
795 724 1001 803 gratia
1042 724 1166 783 oris
1208 735 1543 802 supererat.
1625 726 1875 785 Bonum
1914 727 2117 785 virum
2157 726 2340 785 facile

431 823 729 893 crederes,
751 840 1045 899 maguum
1076 820 1357 886 libenter.
1419 821 1504 881 Et
1533 821 1664 900 ipse
1687 821 1959 899 quidem,
1984 841 2341 902 quanquam

432 919 638 978 medio
675 919 739 976 in
783 918 983 996 spatio
1025 916 1307 995 integrae
1352 919 1574 977 aetatis
1615 927 1881 997 ereptuS,
1912 927 2215 998 quantum
2257 920 2342 978 ad

432 1016 711 1095 gloriam,
751 1013 1180 1095 longissimum
1223 1032 1447 1073 aevum
1489 1015 1762 1095 peregit3
1819 1015 2045 1094 quippe
2087 1025 2153 1075 et
2192 1035 2343 1075 vera

327 1129 386 1173 10
426 1114 609 1187 bona,
632 1133 787 1194 quae
816 1113 879 1171 in
910 1111 1242 1172 virtutibus
1273 1111 1392 1171 sita
1420 1120 1582 1186 sunt,
1612 1112 1997 1191 impleverat,
2021 1121 2085 1172 et
2114 1132 2332 1173 consu-

431 1211 545 1270 lari
588 1231 659 1271 ac
700 1210 1171 1289 triumphalibus
1215 1209 1594 1268 ornamentis
1636 1208 1942 1288 praedite,
1976 1209 2124 1288 quid
2167 1209 2339 1269 aliud

434 1317 706 1369 astruere
734 1309 982 1368 fortuna
1008 1315 1256 1387 poterat
1273 1306 1301 1363 ⁶?
1345 1304 1584 1384 Opibus
1612 1306 1816 1365 nimiis
1843 1326 1967 1366 non
1989 1305 2342 1385 gaudebat3

433 1407 742 1485 speciosae
781 1406 1186 1485 contigerant.
1273 1401 1438 1460 Filia
1467 1413 1653 1483 atque
1684 1423 1875 1464 uxore
1904 1402 2341 1482 superstitibus

432 1514 640 1582 potest
669 1503 869 1563 videri
899 1503 1086 1562 etiam
1115 1501 1349 1573 beatus,
1381 1498 1678 1559 incolumi
1720 1500 2046 1579 dignitate,
2075 1500 2339 1560 florente

326 1617 388 1661 15
429 1603 616 1676 fama,
660 1603 842 1663 salvis
886 1601 1285 1661 affinitatibus
1328 1609 1392 1658 et
1436 1599 1740 1673 amicitiis,
1780 1600 1992 1661 futura
2033 1601 2335 1681 effugisse.

430 1698 598 1757 Nam
622 1700 804 1760 sicuti
833 1703 867 1737 ³*
912 1703 948 1737 *
981 1700 1200 1759 durare
1230 1700 1291 1758 in
1324 1700 1482 1757 hanc
1510 1696 1850 1757 beatissimi
1880 1698 2107 1758 saeculi
2135 1700 2342 1758 lucem

435 1815 507 1854 30
547 1796 886 1875 principem
920 1797 1251 1877 Trajanum
1281 1795 1510 1867 videre,
1541 1793 1709 1872 quod
1754 1794 2009 1874 augurio
2052 1795 2339 1874 votisque

434 1896 595 1973 apud
645 1905 889 1955 nostras
936 1896 1097 1955 auris
1144 1893 1554 1964 ominabatur,
1605 1890 1695 1949 ita
1741 1890 2071 1951 festinatae
2119 1892 2339 1952 mortis

432 1992 666 2070 grande
709 1992 1005 2053 solacium
1046 1993 1209 2067 tulit,
1255 1990 1521 2052 evasisse
1565 1997 1947 2068 postremum
1990 1987 2143 2047 illud
2184 1996 2341 2049 tem-

324 2101 388 2147 20
429 2108 563 2165 pus,
594 2109 715 2168 quo
745 2089 1141 2148 Domitianus
1186 2109 1306 2149 non
1342 2089 1477 2168 jam
1519 2105 1631 2166 per
1671 2086 2001 2147 intervalla
2043 2106 2114 2147 30
2156 2089 2342 2167 spira„

430 2193 644 2244 menta
672 2196 1042 2264 temporum,
1074 2187 1180 2245 sed
1214 2187 1509 2247 continuo
1540 2177 1604 2245 et
1632 2184 1807 2244 velut
1848 2203 1973 2245 uno
2014 2185 2145 2245 ictu
2182 2204 2341 2245 rem-

430 2281 741 2359 publicam
770 2283 1070 2344 exhausit.

511 2378 608 2438 45.
664 2379 730 2439 N
733 2401 813 2440 on
842 2381 1003 2441 vidit
1028 2381 1326 2462 Agricola
1355 2386 1666 2445 obsessam
1695 2384 1945 2459 curiam,
1971 2392 2035 2445 et
2063 2384 2342 2445 clausum

434 2477 618 2538 armis
648 2489 951 2552 senatum,
977 2490 1041 2540 et
1070 2482 1287 2540 eadem
1309 2492 1514 2562 strage
1539 2492 1636 2543 tot
1659 2482 2076 2543 consularium
2099 2483 2341 2556 caedes,

431 2585 529 2637 tot
575 2577 1092 2637 nobilissimarum
1145 2578 1516 2638 feminarum
1566 2580 1749 2639 exilia
1798 2591 1863 2642 et
1909 2581 2106 2660 fugas.
2189 2579 2341 2641 Una

431 2673 634 2733 adhuc
662 2673 921 2733 victoria
955 2675 1149 2734 Carus
1178 2674 1413 2735 Metius
1442 2678 1825 2751 censebatur,
1854 2687 1919 2737 et
1956 2677 2123 2736 intra
2149 2677 2342 2736 Alba-

323 2784 355 2829 5
434 2790 578 2830 nam
635 2790 836 2830 arcem
893 2772 1201 2831 sententia
1258 2771 1575 2832 Messalini
1631 2774 1968 2853 strepebat,
2019 2782 2083 2833 et
2129 2772 2340 2831 Massa

430 2866 700 2927 Baebius
750 2868 952 2948 [jam]
1001 2878 1136 2927 tum
1190 2889 1328 2928 reus
1386 2880 1552 2928 erat:
1608 2891 1753 2930 mox
1805 2882 2054 2931 nostrae
2104 2870 2337 2928 duxere

431 2964 798 3031 Helvidium
826 2965 888 3023 in
919 2985 1227 3025 carcerem
1257 2986 1510 3042 manus3
1539 2987 1651 3026 nos
1673 2966 1939 3027 Maurici
1971 2965 2337 3044 Rusticique

430 3063 614 3137 visuS,
645 3083 757 3125 uos
791 3063 1107 3123 innocenti
1152 3064 1448 3142 sanguine
1481 3064 1740 3124 Senecio
1783 3064 2078 3143 perfudit.
2163 3063 2335 3122 Nero

429 3168 639 3219 tamen
696 3161 1008 3221 subtraxit
1066 3161 1275 3222 oculos
1331 3181 1473 3221 suos
1540 3162 1847 3241 jussitque
1907 3161 2153 3234 scelera,
2213 3179 2336 3219 non

323 3270 383 3314 10
425 3256 770 3336 spectavit:
825 3260 1156 3338 praecipua
1199 3258 1312 3317 sub
1357 3255 1723 3317 Domitiano
1765 3257 2152 3317 miseriarum
2195 3275 2337 3334 pars

431 3364 563 3413 erat
592 3355 803 3414 videre
848 3365 910 3414 et
954 3355 1161 3434 aspici,
1195 3376 1333 3414 cum
1363 3355 1626 3433 suspiria
1653 3364 1868 3415 nostra
1896 3354 2340 3414 subscriberen-

430 3459 552 3524 tur,
583 3469 725 3510 cum
768 3452 1138 3511 denotandis
1169 3463 1265 3513 tot
1293 3452 1615 3511 hominum
1656 3452 1993 3532 palloribus
2035 3450 2339 3511 sufficeret

429 3564 648 3604 saevus
705 3548 809 3607 ille
849 3549 1060 3607 vultus
1116 3558 1181 3606 et
1238 3548 1443 3622 rubor,
1487 3567 1608 3627 quo
1659 3568 1723 3609 se
1769 3558 1988 3608 contra
2034 3546 2337 3624 pudorem

433 3640 770 3699 muniebat.
