2738 4048
388 245 471 309 90

385 822 446 866 20

390 2182 452 2227 10

950 260 1349 309 EXOERPTA
1393 260 1490 308 TA
1496 258 1823 309 CITIANA.

490 418 684 478 teritu
712 418 968 492 Galbae,
998 427 1063 478 et
1098 418 1358 478 aderant
1401 418 1507 498 qui
1549 438 1722 477 arma
1748 417 1997 479 Vitellii
2034 417 2399 499 bellumque

493 517 885 589 affirmarent,
916 515 1133 575 anxius
1176 516 1403 589 animo,
1438 516 1651 594 paucis
1693 516 2034 575 amicorum
2075 515 2397 589 adhibitiS,

491 624 718 673 cuncta
772 614 1082 692 utrimque
1139 613 1510 691 perlustrat:
1579 613 1631 672 si
1686 622 1976 691 pergeret
2029 613 2096 671 in
2153 604 2393 685 urbem,

491 711 727 769 nullam
757 710 940 768 officii
967 710 1235 788 gratiam
1264 710 1329 769 in
1360 709 1614 770 alterius
1655 710 1957 775 honorem
1998 709 2289 787 suscepti,
2321 728 2394 768 ac

489 827 552 866 se
609 806 871 865 Vitellio
928 806 1056 865 sive
1115 806 1352 865 Othoni
1408 805 1691 865 obsidem
1746 806 1917 866 fore:
1986 806 2082 865 sin
2139 805 2391 877 rediret,

494 904 791 962 offensam
845 903 1013 961 haud
1056 903 1308 962 dubiam
1348 903 1626 977 victoris,
1670 903 1780 963 sed
1835 902 2141 962 incertam
2190 901 2393 960 adhuc

491 999 821 1058 victoriam
850 1008 914 1057 et
943 999 1324 1065 concedente
1353 999 1418 1058 in
1446 1009 1655 1078 partes
1687 1008 1865 1078 patre
1905 999 2105 1058 filium
2145 1017 2396 1059 excusa-

492 1105 650 1157 tum.
736 1094 846 1155 Sin
889 1095 1309 1174 Vespasianus
1351 1096 1797 1175 rempublicam
1846 1096 2204 1176 susciperet,
2244 1094 2395 1156 obli-

493 1192 856 1254 viscendum
884 1190 1260 1252 offensarum
1289 1193 1368 1252 de
1397 1193 1561 1252 bello
1591 1193 1992 1271 agitantibus,

576 1293 632 1350 2.
703 1289 821 1348 His
863 1309 934 1348 ac
975 1289 1204 1348 talibus
1244 1288 1412 1348 inter
1456 1309 1627 1368 spem
1676 1298 2035 1368 metumque
2081 1289 2393 1368 jactatum

495 1408 633 1467 spes
663 1387 831 1446 vicit.
915 1386 1198 1445 Fuerunt
1228 1387 1332 1465 qui
1362 1405 1687 1446 accensum
1719 1386 2028 1447 desiderio
2059 1386 2391 1446 Berenices

494 1486 743 1565 reginae
786 1483 1046 1543 vertisse
1088 1483 1209 1542 iter
1250 1483 1612 1558 crederent3
1666 1503 1870 1563 neque
1926 1483 2299 1542 abhorrebat
2356 1502 2394 1542 a

494 1581 797 1643 Berenice
838 1579 1135 1661 juvenilis
1178 1580 1438 1653 animm,
1469 1580 1580 1639 sed
1606 1580 1895 1659 gerendis
1923 1581 2108 1640 rebus
2149 1581 2392 1639 nullum

495 1700 573 1739 ex
602 1699 675 1739 eo
704 1677 1260 1757 impedimentum:
1302 1678 1532 1736 laetam
1573 1678 1998 1759 voluptatibus
2041 1678 2394 1737 adolescen-

493 1777 649 1838 tiam
677 1775 825 1855 egit‚
857 1795 965 1835 suo
997 1794 1180 1854 quam
1208 1774 1404 1853 patris
1431 1774 1690 1853 imperio
1721 1775 2120 1835 moderatior.
2189 1774 2395 1853 Igitur

496 1894 669 1933 oram
715 1872 993 1932 Achaiae
1051 1892 1122 1932 ac
1168 1871 1360 1931 Asiae
1416 1891 1488 1932 ac
1541 1872 1719 1931 laeva
1771 1871 1957 1931 maris
2008 1881 2394 1950 praevectu8‚

495 1970 793 2030 Rhodum
835 1980 899 2030 et
942 1969 1220 2049 Cyprum
1260 1970 1508 2043 insulas,
1539 1969 1691 2029 inde
1732 1969 1978 2049 Syriam
2020 1969 2395 2047 audentiori-

493 2069 609 2128 bus
638 2067 853 2146 spatiis
879 2067 1153 2144 petebat.
1235 2068 1448 2147 Atque
1490 2067 1664 2126 illum
1701 2067 1925 2145 cupido
1965 2065 2214 2126 incessit
2256 2068 2396 2126 ade-

493 2164 646 2225 undi
701 2164 1064 2243 visendique
1121 2166 1419 2243 templum
1465 2164 1740 2244 Paphiae
1784 2164 2067 2238 VeneriS,
2109 2165 2395 2225 inclitum

495 2282 607 2342 per
632 2261 957 2341 indigenas
987 2261 1395 2341 advenasque.
1478 2262 1668 2322 Haud
1697 2262 1887 2322 fuerit
1915 2264 2172 2343 longum
2214 2262 2397 2323 initia

494 2361 831 2441 religionis,
882 2362 1099 2441 templi
1156 2363 1360 2438 ritum,
1417 2365 1682 2425 formam
1737 2365 1890 2424 deae
1945 2365 2172 2444 (neque
2228 2363 2396 2422 enim

498 2459 645 2519 alibi
675 2459 761 2518 sic
789 2458 1078 2539 habetur)
1109 2460 1320 2538 paucis
1349 2460 1667 2521 disserere.

578 2559 631 2639 3.
692 2558 1095 2624 Conditorem
1125 2559 1344 2639 templi
1373 2579 1584 2639 regem
1608 2558 1841 2619 Aerian
1869 2548 2050 2618 vetus
2079 2556 2395 2630 memoria,

497 2656 749 2736 quidam
777 2656 967 2735 ipsius
996 2657 1148 2715 deae
1178 2677 1405 2717 nomen
1434 2657 1499 2715 id
1528 2657 1871 2735 perhibent.
1956 2656 2153 2715 Fama
2193 2674 2397 2714 recen-

494 2754 619 2814 tior
643 2753 840 2814 tradit
863 2773 898 2812 a
922 2752 1151 2832 Cinyra
1180 2763 1488 2813 sacratum
1517 2754 1838 2832 templum,
1862 2753 2165 2831 deamque
2195 2751 2395 2830 ipsam

496 2858 861 2929 conceptam
884 2849 1037 2908 mari
1064 2849 1187 2909 huc
1216 2851 1532 2929 appulsam
1555 2868 1571 2924 ;
1601 2851 1708 2910 sed
1732 2849 2053 2910 scientiam
2075 2858 2394 2927 artemque

496 2947 891 3027 haruspicum
948 2946 1224 3019 accitam,
1283 2957 1346 3006 et
1405 2946 1659 3006 Cilicem
1715 2947 2030 3006 Tamiram
2098 2946 2396 3017 intulisse,

497 3056 682 3125 atque
724 3045 813 3104 ita
853 3054 1121 3124 pactum,
1150 3053 1221 3102 ut
1263 3043 1534 3103 familiae
1579 3044 1897 3124 utriusque
1941 3043 2171 3124 posteri
2213 3043 2400 3102 caeri-

494 3142 717 3201 moniis
758 3141 1198 3221 praesiderent.
1281 3139 1454 3213 Mox,
1497 3161 1576 3200 ne
1633 3140 1867 3200 honore
1922 3140 2095 3200 nullo
2150 3139 2397 3219 regium

495 3259 691 3316 genus
759 3239 1143 3318 peregrinam
1214 3237 1468 3315 stirpem
1539 3238 1953 3310 antecelleret,
2007 3238 2141 3316 ipsa
2209 3255 2399 3315 quam

495 3334 834 3394 intulerant
863 3336 1118 3395 scientia
1146 3334 1422 3413 hospites
1465 3353 1734 3393 cessere:
1776 3343 2021 3393 tantum
2054 3333 2398 3412 Cinyrades

391 3445 451 3490 10
493 3431 776 3490 sacerdos
834 3432 1189 3491 consulitur.
1274 3430 1557 3503 Hostiae,
1600 3440 1671 3488 ut
1727 3430 1984 3510 quisque
2041 3429 2237 3502 vovit,
2283 3429 2399 3488 sed

495 3545 698 3586 mares
752 3526 1145 3605 deliguntur:
1209 3526 1551 3587 certissima
1605 3526 1759 3587 fides
1812 3527 2155 3587 haedorum
2209 3525 2398 3587 fibris.
