<?xml version="1.0" encoding="UTF-8"?>
<!DOCTYPE html PUBLIC "-//W3C//DTD XHTML 1.0 Transitional//EN"
    "http://www.w3.org/TR/xhtml1/DTD/xhtml1-transitional.dtd">
<html xmlns="http://www.w3.org/1999/xhtml" xml:lang="en" lang="en">
 <head>
  <title>
</title>
<meta http-equiv="Content-Type" content="text/html;charset=utf-8" />
  <meta name='ocr-system' content='tesseract 3.04.00' />
  <meta name='ocr-capabilities' content='ocr_page ocr_carea ocr_par ocr_line ocrx_word'/>
</head>
<body>
  <div class='ocr_page' id='page_1' title='image "./excerptatacitia00chamgoog_0153.png"; bbox 0 0 2738 4048; ppageno 0'>
   <div class='ocr_carea' id='block_1_1' title="bbox 742 259 2351 324">
    <p class='ocr_par' dir='ltr' id='par_1_1' title="bbox 742 259 2351 324">
     <span class='ocr_line' id='line_1_1' title="bbox 742 259 2351 324; baseline 0.003 -6"><span class='ocrx_word' id='word_1_1' title='bbox 742 271 1263 321; x_wconf 79' lang='lat' dir='ltr'><strong>HISTORIARUM</strong></span> <span class='ocrx_word' id='word_1_2' title='bbox 1306 274 1530 321; x_wconf 70' lang='lat' dir='ltr'>mmm</span> <span class='ocrx_word' id='word_1_3' title='bbox 1580 276 1911 324; x_wconf 78' lang='lat' dir='ltr'>TERTIUS.</span> <span class='ocrx_word' id='word_1_4' title='bbox 2222 259 2351 323; x_wconf 88' lang='lat'>119</span> 
     </span>
    </p>
   </div>
   <div class='ocr_carea' id='block_1_2' title="bbox 321 427 2351 3620">
    <p class='ocr_par' dir='ltr' id='par_1_2' title="bbox 321 427 2351 2062">
     <span class='ocr_line' id='line_1_2' title="bbox 422 427 2248 512; baseline 0.002 -23"><span class='ocrx_word' id='word_1_5' title='bbox 422 430 517 489; x_wconf 83' lang='lat'>21.</span> <span class='ocrx_word' id='word_1_6' title='bbox 588 427 668 487; x_wconf 93' lang='lat' dir='ltr'>Id</span> <span class='ocrx_word' id='word_1_7' title='bbox 695 448 844 488; x_wconf 87' lang='lat' dir='ltr'>vero</span> <span class='ocrx_word' id='word_1_8' title='bbox 876 449 1056 508; x_wconf 83' lang='lat' dir='ltr'>aegre</span> <span class='ocrx_word' id='word_1_9' title='bbox 1091 431 1397 491; x_wconf 78' lang='lat' dir='ltr'>tolerante</span> <span class='ocrx_word' id='word_1_10' title='bbox 1426 432 1624 493; x_wconf 90' lang='lat' dir='ltr'>milite</span> <span class='ocrx_word' id='word_1_11' title='bbox 1652 453 1845 512; x_wconf 89' lang='lat' dir='ltr'>prope</span> <span class='ocrx_word' id='word_1_12' title='bbox 1874 432 2248 493; x_wconf 81' lang='lat' dir='ltr'>seditionem</span> 
     </span>
     <span class='ocr_line' id='line_1_3' title="bbox 339 526 2246 609; baseline 0.001 -21"><span class='ocrx_word' id='word_1_13' title='bbox 339 538 617 600; x_wconf 85' lang='lat' dir='ltr'>ventum,</span> <span class='ocrx_word' id='word_1_14' title='bbox 650 544 789 584; x_wconf 91' lang='lat' dir='ltr'>cum</span> <span class='ocrx_word' id='word_1_15' title='bbox 816 526 1127 605; x_wconf 83' lang='lat' dir='ltr'>progressi</span> <span class='ocrx_word' id='word_1_16' title='bbox 1157 527 1396 605; x_wconf 87' lang='lat' dir='ltr'>equites</span> <span class='ocrx_word' id='word_1_17' title='bbox 1438 529 1550 587; x_wconf 90' lang='lat' dir='ltr'>sub</span> <span class='ocrx_word' id='word_1_18' title='bbox 1593 529 1726 607; x_wconf 89' lang='lat' dir='ltr'>ipsa</span> <span class='ocrx_word' id='word_1_19' title='bbox 1768 529 2013 588; x_wconf 89' lang='lat' dir='ltr'>moenia</span> <span class='ocrx_word' id='word_1_20' title='bbox 2055 548 2246 609; x_wconf 87' lang='lat' dir='ltr'>vagos</span> 
     </span>
     <span class='ocr_line' id='line_1_4' title="bbox 339 622 2247 707; baseline 0 -23"><span class='ocrx_word' id='word_1_21' title='bbox 339 644 416 684; x_wconf 82' lang='lat' dir='ltr'>ex</span> <span class='ocrx_word' id='word_1_22' title='bbox 448 622 968 685; x_wconf 83' lang='lat' dir='ltr'>Cremonensibus</span> <span class='ocrx_word' id='word_1_23' title='bbox 1001 623 1363 707; x_wconf 86' lang='lat' dir='ltr'>corripiunt,</span> <span class='ocrx_word' id='word_1_24' title='bbox 1393 644 1657 703; x_wconf 88' lang='lat' dir='ltr'>quorum</span> <span class='ocrx_word' id='word_1_25' title='bbox 1697 626 1928 685; x_wconf 91' lang='lat' dir='ltr'>indicio</span> <span class='ocrx_word' id='word_1_26' title='bbox 1969 627 2247 686; x_wconf 85' lang='lat' dir='ltr'>noscitur</span> 
     </span>
     <span class='ocr_line' id='line_1_5' title="bbox 338 706 2246 802; baseline 0.001 -21"><span class='ocrx_word' id='word_1_27' title='bbox 338 741 446 781; x_wconf 85' lang='lat' dir='ltr'>sex</span> <span class='ocrx_word' id='word_1_28' title='bbox 469 720 839 782; x_wconf 88' lang='lat' dir='ltr'>Vitellianas</span> <span class='ocrx_word' id='word_1_29' title='bbox 866 719 1143 798; x_wconf 85' lang='lat' dir='ltr'>legiones</span> <span class='ocrx_word' id='word_1_30' title='bbox 1172 740 1542 800; x_wconf 89' lang='lat' dir='ltr'>omnemque</span> <span class='ocrx_word' id='word_1_31' title='bbox 1571 706 1931 796; x_wconf 84' lang='lat' dir='ltr'>exercitum,</span> <span class='ocrx_word' id='word_1_32' title='bbox 1956 722 2060 802; x_wconf 93' lang='lat' dir='ltr'>qui</span> <span class='ocrx_word' id='word_1_33' title='bbox 2088 723 2246 782; x_wconf 92' lang='lat' dir='ltr'>Hos-</span> 
     </span>
     <span class='ocr_line' id='line_1_6' title="bbox 321 806 2351 903; baseline 0 -25"><span class='ocrx_word' id='word_1_34' title='bbox 321 806 508 878; x_wconf 79' lang='lat' dir='ltr'>tiliae</span> <span class='ocrx_word' id='word_1_35' title='bbox 538 827 769 899; x_wconf 85' lang='lat' dir='ltr'>egerat,</span> <span class='ocrx_word' id='word_1_36' title='bbox 798 837 872 878; x_wconf 93' lang='lat' dir='ltr'>eo</span> <span class='ocrx_word' id='word_1_37' title='bbox 900 817 1038 896; x_wconf 90' lang='lat' dir='ltr'>ipso</span> <span class='ocrx_word' id='word_1_38' title='bbox 1068 816 1171 876; x_wconf 90' lang='lat' dir='ltr'>die</span> <span class='ocrx_word' id='word_1_39' title='bbox 1202 816 1464 895; x_wconf 87' lang='lat' dir='ltr'>triginta</span> <span class='ocrx_word' id='word_1_40' title='bbox 1502 818 1674 877; x_wconf 84' lang='lat' dir='ltr'>milia</span> <span class='ocrx_word' id='word_1_41' title='bbox 1713 839 2006 903; x_wconf 86' lang='lat' dir='ltr'>passuum</span> <span class='ocrx_word' id='word_1_42' title='bbox 2048 840 2250 880; x_wconf 90' lang='lat' dir='ltr'>emen·</span> <span class='ocrx_word' id='word_1_43' title='bbox 2321 833 2351 879; x_wconf 99' lang='lat'>5</span> 
     </span>
     <span class='ocr_line' id='line_1_7' title="bbox 339 913 2245 996; baseline 0.001 -22"><span class='ocrx_word' id='word_1_44' title='bbox 339 936 494 989; x_wconf 88' lang='lat' dir='ltr'>sum,</span> <span class='ocrx_word' id='word_1_45' title='bbox 535 923 853 994; x_wconf 88' lang='lat' dir='ltr'>comperta</span> <span class='ocrx_word' id='word_1_46' title='bbox 894 933 1145 975; x_wconf 90' lang='lat' dir='ltr'>suorum</span> <span class='ocrx_word' id='word_1_47' title='bbox 1188 913 1385 987; x_wconf 85' lang='lat' dir='ltr'>clade,</span> <span class='ocrx_word' id='word_1_48' title='bbox 1427 913 1492 973; x_wconf 92' lang='lat' dir='ltr'>in</span> <span class='ocrx_word' id='word_1_49' title='bbox 1532 916 1837 993; x_wconf 89' lang='lat' dir='ltr'>proelium</span> <span class='ocrx_word' id='word_1_50' title='bbox 1879 916 2118 996; x_wconf 77' lang='lat' dir='ltr'>accingi</span> <span class='ocrx_word' id='word_1_51' title='bbox 2174 935 2245 976; x_wconf 92' lang='lat' dir='ltr'>ac</span> 
     </span>
     <span class='ocr_line' id='line_1_8' title="bbox 336 1004 2245 1092; baseline 0.002 -22"><span class='ocrx_word' id='word_1_52' title='bbox 336 1004 468 1092; x_wconf 84' lang='lat' dir='ltr'>jam</span> <span class='ocrx_word' id='word_1_53' title='bbox 498 1012 733 1073; x_wconf 80' lang='lat' dir='ltr'>adfore.</span> <span class='ocrx_word' id='word_1_54' title='bbox 802 1011 866 1074; x_wconf 91' lang='lat' dir='ltr'>Is</span> <span class='ocrx_word' id='word_1_55' title='bbox 891 1021 1093 1073; x_wconf 85' lang='lat' dir='ltr'>terror</span> <span class='ocrx_word' id='word_1_56' title='bbox 1123 1011 1474 1072; x_wconf 88' lang='lat' dir='ltr'>obstructas</span> <span class='ocrx_word' id='word_1_57' title='bbox 1502 1020 1742 1072; x_wconf 89' lang='lat' dir='ltr'>mentes</span> <span class='ocrx_word' id='word_1_58' title='bbox 1773 1014 2040 1073; x_wconf 91' lang='lat' dir='ltr'>consiliis</span> <span class='ocrx_word' id='word_1_59' title='bbox 2070 1013 2245 1073; x_wconf 90' lang='lat' dir='ltr'>ducis</span> 
     </span>
     <span class='ocr_line' id='line_1_9' title="bbox 339 1107 2244 1188; baseline 0.001 -21"><span class='ocrx_word' id='word_1_60' title='bbox 339 1108 600 1187; x_wconf 87' lang='lat' dir='ltr'>aperuit.</span> <span class='ocrx_word' id='word_1_61' title='bbox 687 1109 916 1170; x_wconf 88' lang='lat' dir='ltr'>Sistere</span> <span class='ocrx_word' id='word_1_62' title='bbox 957 1110 1211 1170; x_wconf 89' lang='lat' dir='ltr'>tertiam</span> <span class='ocrx_word' id='word_1_63' title='bbox 1253 1109 1583 1168; x_wconf 88' lang='lat' dir='ltr'>decumam</span> <span class='ocrx_word' id='word_1_64' title='bbox 1638 1107 1949 1188; x_wconf 88' lang='lat' dir='ltr'>legionem</span> <span class='ocrx_word' id='word_1_65' title='bbox 1993 1110 2058 1168; x_wconf 91' lang='lat' dir='ltr'>in</span> <span class='ocrx_word' id='word_1_66' title='bbox 2108 1110 2244 1188; x_wconf 89' lang='lat' dir='ltr'>ipso</span> 
     </span>
     <span class='ocr_line' id='line_1_10' title="bbox 338 1205 2246 1288; baseline 0.002 -25"><span class='ocrx_word' id='word_1_67' title='bbox 338 1206 477 1265; x_wconf 87' lang='lat' dir='ltr'>viae</span> <span class='ocrx_word' id='word_1_68' title='bbox 500 1205 857 1267; x_wconf 89' lang='lat' dir='ltr'>Postumiae</span> <span class='ocrx_word' id='word_1_69' title='bbox 881 1226 1107 1287; x_wconf 88' lang='lat' dir='ltr'>aggere</span> <span class='ocrx_word' id='word_1_70' title='bbox 1136 1206 1334 1288; x_wconf 87' lang='lat' dir='ltr'>jubet,</span> <span class='ocrx_word' id='word_1_71' title='bbox 1360 1205 1460 1265; x_wconf 91' lang='lat' dir='ltr'>cui</span> <span class='ocrx_word' id='word_1_72' title='bbox 1480 1205 1704 1284; x_wconf 89' lang='lat' dir='ltr'>juncta</span> <span class='ocrx_word' id='word_1_73' title='bbox 1725 1224 1762 1264; x_wconf 91' lang='lat' dir='ltr'>a</span> <span class='ocrx_word' id='word_1_74' title='bbox 1782 1205 1960 1266; x_wconf 86' lang='lat' dir='ltr'>laevo</span> <span class='ocrx_word' id='word_1_75' title='bbox 1984 1207 2246 1285; x_wconf 84' lang='lat' dir='ltr'>septima</span> 
     </span>
     <span class='ocr_line' id='line_1_11' title="bbox 339 1301 2346 1384; baseline 0 -22"><span class='ocrx_word' id='word_1_76' title='bbox 339 1301 642 1363; x_wconf 86' lang='lat' dir='ltr'>Galbiana</span> <span class='ocrx_word' id='word_1_77' title='bbox 669 1303 911 1382; x_wconf 87' lang='lat' dir='ltr'>patenti</span> <span class='ocrx_word' id='word_1_78' title='bbox 940 1324 1159 1384; x_wconf 87' lang='lat' dir='ltr'>campo</span> <span class='ocrx_word' id='word_1_79' title='bbox 1189 1304 1385 1378; x_wconf 77' lang='lat' dir='ltr'>stetit,</span> <span class='ocrx_word' id='word_1_80' title='bbox 1410 1302 1556 1362; x_wconf 91' lang='lat' dir='ltr'>dein</span> <span class='ocrx_word' id='word_1_81' title='bbox 1586 1301 1852 1380; x_wconf 90' lang='lat' dir='ltr'>septima</span> <span class='ocrx_word' id='word_1_82' title='bbox 1882 1303 2243 1377; x_wconf 83' lang='lat' dir='ltr'>Claudiana,</span> <span class='ocrx_word' id='word_1_83' title='bbox 2286 1318 2346 1362; x_wconf 90' lang='lat'>10</span> 
     </span>
     <span class='ocr_line' id='line_1_12' title="bbox 338 1399 2246 1481; baseline 0 -22"><span class='ocrx_word' id='word_1_84' title='bbox 338 1401 568 1479; x_wconf 87' lang='lat' dir='ltr'>agresti</span> <span class='ocrx_word' id='word_1_85' title='bbox 592 1400 760 1460; x_wconf 81' lang='lat' dir='ltr'>fossa</span> <span class='ocrx_word' id='word_1_86' title='bbox 786 1401 903 1480; x_wconf 85' lang='lat' dir='ltr'>(ita</span> <span class='ocrx_word' id='word_1_87' title='bbox 929 1402 1101 1461; x_wconf 91' lang='lat' dir='ltr'>locus</span> <span class='ocrx_word' id='word_1_88' title='bbox 1130 1404 1289 1481; x_wconf 89' lang='lat' dir='ltr'>erat)</span> <span class='ocrx_word' id='word_1_89' title='bbox 1318 1400 1743 1481; x_wconf 83' lang='lat' dir='ltr'>praemunita3</span> <span class='ocrx_word' id='word_1_90' title='bbox 1771 1399 1994 1460; x_wconf 84' lang='lat' dir='ltr'>dextro</span> <span class='ocrx_word' id='word_1_91' title='bbox 2021 1409 2246 1460; x_wconf 87' lang='lat' dir='ltr'>octava</span> 
     </span>
     <span class='ocr_line' id='line_1_13' title="bbox 338 1496 2246 1577; baseline -0.001 -22"><span class='ocrx_word' id='word_1_92' title='bbox 338 1517 451 1575; x_wconf 90' lang='lat' dir='ltr'>per</span> <span class='ocrx_word' id='word_1_93' title='bbox 479 1508 763 1577; x_wconf 86' lang='lat' dir='ltr'>apertum</span> <span class='ocrx_word' id='word_1_94' title='bbox 804 1497 1085 1572; x_wconf 87' lang='lat' dir='ltr'>limitem,</span> <span class='ocrx_word' id='word_1_95' title='bbox 1114 1519 1259 1558; x_wconf 84' lang='lat' dir='ltr'>mox</span> <span class='ocrx_word' id='word_1_96' title='bbox 1287 1498 1473 1559; x_wconf 87' lang='lat' dir='ltr'>tertia</span> <span class='ocrx_word' id='word_1_97' title='bbox 1502 1496 1711 1557; x_wconf 91' lang='lat' dir='ltr'>densis</span> <span class='ocrx_word' id='word_1_98' title='bbox 1754 1496 2019 1555; x_wconf 85' lang='lat' dir='ltr'>arbustis</span> <span class='ocrx_word' id='word_1_99' title='bbox 2060 1496 2246 1556; x_wconf 89' lang='lat' dir='ltr'>inter-</span> 
     </span>
     <span class='ocr_line' id='line_1_14' title="bbox 339 1592 2245 1675; baseline -0.001 -21"><span class='ocrx_word' id='word_1_100' title='bbox 339 1603 532 1673; x_wconf 87' lang='lat' dir='ltr'>septa.</span> <span class='ocrx_word' id='word_1_101' title='bbox 589 1593 713 1653; x_wconf 90' lang='lat' dir='ltr'>Hic</span> <span class='ocrx_word' id='word_1_102' title='bbox 741 1594 1084 1673; x_wconf 91' lang='lat' dir='ltr'>aquilarum</span> <span class='ocrx_word' id='word_1_103' title='bbox 1112 1596 1549 1675; x_wconf 88' lang='lat' dir='ltr'>signorumque</span> <span class='ocrx_word' id='word_1_104' title='bbox 1574 1594 1760 1653; x_wconf 88' lang='lat' dir='ltr'>ordo:</span> <span class='ocrx_word' id='word_1_105' title='bbox 1802 1592 2033 1653; x_wconf 90' lang='lat' dir='ltr'>milites</span> <span class='ocrx_word' id='word_1_106' title='bbox 2060 1592 2245 1653; x_wconf 85' lang='lat' dir='ltr'>mixti</span> 
     </span>
     <span class='ocr_line' id='line_1_15' title="bbox 337 1689 2244 1772; baseline -0.001 -22"><span class='ocrx_word' id='word_1_107' title='bbox 337 1711 449 1770; x_wconf 89' lang='lat' dir='ltr'>per</span> <span class='ocrx_word' id='word_1_108' title='bbox 463 1691 765 1766; x_wconf 88' lang='lat' dir='ltr'>tenebras,</span> <span class='ocrx_word' id='word_1_109' title='bbox 780 1701 849 1751; x_wconf 92' lang='lat' dir='ltr'>ut</span> <span class='ocrx_word' id='word_1_110' title='bbox 863 1692 987 1752; x_wconf 88' lang='lat' dir='ltr'>fors</span> <span class='ocrx_word' id='word_1_111' title='bbox 1003 1693 1252 1766; x_wconf 86' lang='lat' dir='ltr'>tulerat3</span> <span class='ocrx_word' id='word_1_112' title='bbox 1276 1691 1735 1772; x_wconf 90' lang='lat' dir='ltr'>praetorianum</span> <span class='ocrx_word' id='word_1_113' title='bbox 1754 1689 2049 1749; x_wconf 84' lang='lat' dir='ltr'>vexillum</span> <span class='ocrx_word' id='word_1_114' title='bbox 2064 1709 2244 1768; x_wconf 87' lang='lat' dir='ltr'>prox-</span> 
     </span>
     <span class='ocr_line' id='line_1_16' title="bbox 336 1786 2340 1862; baseline 0 -15"><span class='ocrx_word' id='word_1_115' title='bbox 336 1788 533 1848; x_wconf 91' lang='lat' dir='ltr'>imum</span> <span class='ocrx_word' id='word_1_116' title='bbox 561 1788 858 1862; x_wconf 86' lang='lat' dir='ltr'>tertianis,</span> <span class='ocrx_word' id='word_1_117' title='bbox 892 1790 1176 1849; x_wconf 90' lang='lat' dir='ltr'>cohortes</span> <span class='ocrx_word' id='word_1_118' title='bbox 1206 1788 1577 1848; x_wconf 84' lang='lat' dir='ltr'>auxiliorum</span> <span class='ocrx_word' id='word_1_119' title='bbox 1604 1788 1670 1846; x_wconf 94' lang='lat' dir='ltr'>in</span> <span class='ocrx_word' id='word_1_120' title='bbox 1701 1786 2008 1860; x_wconf 91' lang='lat' dir='ltr'>cornibus,</span> <span class='ocrx_word' id='word_1_121' title='bbox 2041 1787 2240 1846; x_wconf 88' lang='lat' dir='ltr'>latera</span> <span class='ocrx_word' id='word_1_122' title='bbox 2279 1801 2340 1847; x_wconf 88' lang='lat'>15</span> 
     </span>
     <span class='ocr_line' id='line_1_17' title="bbox 338 1883 2241 1964; baseline 0.001 -20"><span class='ocrx_word' id='word_1_123' title='bbox 338 1904 411 1945; x_wconf 85' lang='lat' dir='ltr'>ac</span> <span class='ocrx_word' id='word_1_124' title='bbox 440 1893 620 1964; x_wconf 88' lang='lat' dir='ltr'>terga</span> <span class='ocrx_word' id='word_1_125' title='bbox 646 1886 852 1964; x_wconf 85' lang='lat' dir='ltr'>equite</span> <span class='ocrx_word' id='word_1_126' title='bbox 884 1885 1300 1945; x_wconf 89' lang='lat' dir='ltr'>circumdata:</span> <span class='ocrx_word' id='word_1_127' title='bbox 1346 1884 1498 1944; x_wconf 87' lang='lat' dir='ltr'>Sido</span> <span class='ocrx_word' id='word_1_128' title='bbox 1529 1895 1714 1964; x_wconf 87' lang='lat' dir='ltr'>atque</span> <span class='ocrx_word' id='word_1_129' title='bbox 1743 1883 2000 1945; x_wconf 89' lang='lat' dir='ltr'>Italicus</span> <span class='ocrx_word' id='word_1_130' title='bbox 2032 1883 2241 1960; x_wconf 78' lang='lat' dir='ltr'>Saevi,</span> 
     </span>
     <span class='ocr_line' id='line_1_18' title="bbox 338 1981 2187 2062; baseline 0.001 -19"><span class='ocrx_word' id='word_1_131' title='bbox 338 2002 480 2043; x_wconf 88' lang='lat' dir='ltr'>cum</span> <span class='ocrx_word' id='word_1_132' title='bbox 509 1982 766 2043; x_wconf 90' lang='lat' dir='ltr'>delectis</span> <span class='ocrx_word' id='word_1_133' title='bbox 794 1982 1203 2062; x_wconf 90' lang='lat' dir='ltr'>popularium,</span> <span class='ocrx_word' id='word_1_134' title='bbox 1225 1981 1481 2062; x_wconf 87' lang='lat' dir='ltr'>primori</span> <span class='ocrx_word' id='word_1_135' title='bbox 1509 1981 1575 2041; x_wconf 92' lang='lat' dir='ltr'>in</span> <span class='ocrx_word' id='word_1_136' title='bbox 1605 1981 1734 2042; x_wconf 92' lang='lat' dir='ltr'>acie</span> <span class='ocrx_word' id='word_1_137' title='bbox 1763 1982 2187 2044; x_wconf 83' lang='lat' dir='ltr'>versabantur.</span> 
     </span>
    </p>

    <p class='ocr_par' dir='ltr' id='par_1_3' title="bbox 331 2079 2346 3620">
     <span class='ocr_line' id='line_1_19' title="bbox 417 2079 2243 2159; baseline 0.002 -21"><span class='ocrx_word' id='word_1_138' title='bbox 417 2080 513 2138; x_wconf 79' lang='lat'>22.</span> <span class='ocrx_word' id='word_1_139' title='bbox 568 2079 662 2139; x_wconf 91' lang='lat' dir='ltr'>At</span> <span class='ocrx_word' id='word_1_140' title='bbox 684 2079 1059 2139; x_wconf 91' lang='lat' dir='ltr'>Vitellianus</span> <span class='ocrx_word' id='word_1_141' title='bbox 1090 2079 1416 2153; x_wconf 84' lang='lat' dir='ltr'>exercitus,</span> <span class='ocrx_word' id='word_1_142' title='bbox 1447 2080 1546 2139; x_wconf 92' lang='lat' dir='ltr'>cui</span> <span class='ocrx_word' id='word_1_143' title='bbox 1575 2080 1962 2159; x_wconf 88' lang='lat' dir='ltr'>acquiescere</span> <span class='ocrx_word' id='word_1_144' title='bbox 1994 2081 2243 2141; x_wconf 83' lang='lat' dir='ltr'>Cremo-</span> 
     </span>
     <span class='ocr_line' id='line_1_20' title="bbox 336 2176 2238 2256; baseline 0.002 -20"><span class='ocrx_word' id='word_1_145' title='bbox 336 2196 471 2250; x_wconf 90' lang='lat' dir='ltr'>nae,</span> <span class='ocrx_word' id='word_1_146' title='bbox 513 2185 578 2235; x_wconf 91' lang='lat' dir='ltr'>et</span> <span class='ocrx_word' id='word_1_147' title='bbox 617 2176 973 2255; x_wconf 87' lang='lat' dir='ltr'>reciperatis</span> <span class='ocrx_word' id='word_1_148' title='bbox 1015 2176 1153 2236; x_wconf 93' lang='lat' dir='ltr'>cibo</span> <span class='ocrx_word' id='word_1_149' title='bbox 1198 2195 1537 2256; x_wconf 91' lang='lat' dir='ltr'>somnoque</span> <span class='ocrx_word' id='word_1_150' title='bbox 1579 2176 1835 2252; x_wconf 79' lang='lat' dir='ltr'>viribuS,</span> <span class='ocrx_word' id='word_1_151' title='bbox 1878 2180 2238 2239; x_wconf 80' lang='lat' dir='ltr'>confectum</span> 
     </span>
     <span class='ocr_line' id='line_1_21' title="bbox 337 2272 2236 2356; baseline 0.002 -24"><span class='ocrx_word' id='word_1_152' title='bbox 337 2273 546 2351; x_wconf 89' lang='lat' dir='ltr'>algore</span> <span class='ocrx_word' id='word_1_153' title='bbox 577 2281 774 2352; x_wconf 83' lang='lat' dir='ltr'>atque</span> <span class='ocrx_word' id='word_1_154' title='bbox 817 2272 1028 2331; x_wconf 91' lang='lat' dir='ltr'>inedia</span> <span class='ocrx_word' id='word_1_155' title='bbox 1068 2274 1310 2332; x_wconf 89' lang='lat' dir='ltr'>hostem</span> <span class='ocrx_word' id='word_1_156' title='bbox 1351 2281 1601 2352; x_wconf 89' lang='lat' dir='ltr'>postera</span> <span class='ocrx_word' id='word_1_157' title='bbox 1643 2275 1745 2335; x_wconf 91' lang='lat' dir='ltr'>die</span> <span class='ocrx_word' id='word_1_158' title='bbox 1790 2276 2120 2356; x_wconf 87' lang='lat' dir='ltr'>profligare</span> <span class='ocrx_word' id='word_1_159' title='bbox 2165 2295 2236 2336; x_wconf 92' lang='lat' dir='ltr'>ac</span> 
     </span>
     <span class='ocr_line' id='line_1_22' title="bbox 334 2369 2242 2451; baseline 0.002 -24"><span class='ocrx_word' id='word_1_160' title='bbox 334 2388 626 2449; x_wconf 72' lang='lat' dir='ltr'>proruere</span> <span class='ocrx_word' id='word_1_161' title='bbox 648 2369 807 2429; x_wconf 86' lang='lat' dir='ltr'>ratio</span> <span class='ocrx_word' id='word_1_162' title='bbox 836 2369 973 2443; x_wconf 87' lang='lat' dir='ltr'>fuit,</span> <span class='ocrx_word' id='word_1_163' title='bbox 995 2369 1243 2448; x_wconf 87' lang='lat' dir='ltr'>indigus</span> <span class='ocrx_word' id='word_1_164' title='bbox 1265 2370 1545 2443; x_wconf 88' lang='lat' dir='ltr'>rectoris,</span> <span class='ocrx_word' id='word_1_165' title='bbox 1567 2371 1750 2451; x_wconf 91' lang='lat' dir='ltr'>inops</span> <span class='ocrx_word' id='word_1_166' title='bbox 1771 2373 2028 2446; x_wconf 91' lang='lat' dir='ltr'>consilii,</span> <span class='ocrx_word' id='word_1_167' title='bbox 2051 2372 2242 2433; x_wconf 89' lang='lat' dir='ltr'>tertia</span> 
     </span>
     <span class='ocr_line' id='line_1_23' title="bbox 333 2465 2346 2548; baseline 0.002 -24"><span class='ocrx_word' id='word_1_168' title='bbox 333 2465 529 2524; x_wconf 81' lang='lat' dir='ltr'>ferme</span> <span class='ocrx_word' id='word_1_169' title='bbox 572 2465 769 2526; x_wconf 86' lang='lat' dir='ltr'>noctis</span> <span class='ocrx_word' id='word_1_170' title='bbox 810 2466 963 2525; x_wconf 91' lang='lat' dir='ltr'>hora</span> <span class='ocrx_word' id='word_1_171' title='bbox 1002 2465 1236 2544; x_wconf 90' lang='lat' dir='ltr'>paratis</span> <span class='ocrx_word' id='word_1_172' title='bbox 1276 2467 1409 2546; x_wconf 87' lang='lat' dir='ltr'>jam</span> <span class='ocrx_word' id='word_1_173' title='bbox 1453 2467 1890 2548; x_wconf 86' lang='lat' dir='ltr'>dispositisque</span> <span class='ocrx_word' id='word_1_174' title='bbox 1919 2468 2239 2527; x_wconf 88' lang='lat' dir='ltr'>Flavianis</span> <span class='ocrx_word' id='word_1_175' title='bbox 2316 2482 2346 2528; x_wconf 99' lang='lat'>5</span> 
     </span>
     <span class='ocr_line' id='line_1_24' title="bbox 333 2561 2241 2645; baseline 0.001 -24"><span class='ocrx_word' id='word_1_176' title='bbox 333 2561 718 2642; x_wconf 88' lang='lat' dir='ltr'>impingitur.</span> <span class='ocrx_word' id='word_1_177' title='bbox 819 2562 1120 2621; x_wconf 91' lang='lat' dir='ltr'>Ordinem</span> <span class='ocrx_word' id='word_1_178' title='bbox 1171 2563 1439 2641; x_wconf 87' lang='lat' dir='ltr'>agminis</span> <span class='ocrx_word' id='word_1_179' title='bbox 1490 2565 1739 2645; x_wconf 89' lang='lat' dir='ltr'>disjecti</span> <span class='ocrx_word' id='word_1_180' title='bbox 1794 2583 1906 2643; x_wconf 89' lang='lat' dir='ltr'>per</span> <span class='ocrx_word' id='word_1_181' title='bbox 1958 2563 2113 2622; x_wconf 91' lang='lat' dir='ltr'>iram</span> <span class='ocrx_word' id='word_1_182' title='bbox 2169 2582 2241 2622; x_wconf 90' lang='lat' dir='ltr'>ac</span> 
     </span>
     <span class='ocr_line' id='line_1_25' title="bbox 332 2658 2241 2740; baseline -0.001 -21"><span class='ocrx_word' id='word_1_183' title='bbox 332 2658 620 2720; x_wconf 83' lang='lat' dir='ltr'>tenebras</span> <span class='ocrx_word' id='word_1_184' title='bbox 648 2677 993 2718; x_wconf 86' lang='lat' dir='ltr'>asseverare</span> <span class='ocrx_word' id='word_1_185' title='bbox 1031 2679 1154 2717; x_wconf 91' lang='lat' dir='ltr'>non</span> <span class='ocrx_word' id='word_1_186' title='bbox 1186 2659 1401 2735; x_wconf 90' lang='lat' dir='ltr'>ausim,</span> <span class='ocrx_word' id='word_1_187' title='bbox 1434 2680 1784 2740; x_wconf 91' lang='lat' dir='ltr'>quanquam</span> <span class='ocrx_word' id='word_1_188' title='bbox 1826 2659 1932 2721; x_wconf 88' lang='lat' dir='ltr'>alii</span> <span class='ocrx_word' id='word_1_189' title='bbox 1971 2659 2241 2732; x_wconf 86' lang='lat' dir='ltr'>tradide-</span> 
     </span>
     <span class='ocr_line' id='line_1_26' title="bbox 331 2753 2236 2834; baseline 0 -21"><span class='ocrx_word' id='word_1_190' title='bbox 331 2754 459 2814; x_wconf 90' lang='lat' dir='ltr'>rint</span> <span class='ocrx_word' id='word_1_191' title='bbox 506 2762 790 2834; x_wconf 87' lang='lat' dir='ltr'>quartam</span> <span class='ocrx_word' id='word_1_192' title='bbox 837 2753 1314 2816; x_wconf 86' lang='lat' dir='ltr'>Macedonicam</span> <span class='ocrx_word' id='word_1_193' title='bbox 1371 2758 1663 2817; x_wconf 85' lang='lat' dir='ltr'>dextrum</span> <span class='ocrx_word' id='word_1_194' title='bbox 1718 2776 1969 2817; x_wconf 91' lang='lat' dir='ltr'>suorum</span> <span class='ocrx_word' id='word_1_195' title='bbox 2025 2775 2236 2828; x_wconf 87' lang='lat' dir='ltr'>cornu,</span> 
     </span>
     <span class='ocr_line' id='line_1_27' title="bbox 334 2850 2239 2930; baseline 0 -21"><span class='ocrx_word' id='word_1_196' title='bbox 334 2851 613 2930; x_wconf 88' lang='lat' dir='ltr'>quintam</span> <span class='ocrx_word' id='word_1_197' title='bbox 635 2860 698 2910; x_wconf 94' lang='lat' dir='ltr'>et</span> <span class='ocrx_word' id='word_1_198' title='bbox 721 2850 1005 2930; x_wconf 90' lang='lat' dir='ltr'>quintam</span> <span class='ocrx_word' id='word_1_199' title='bbox 1023 2852 1349 2913; x_wconf 82' lang='lat' dir='ltr'>decumam</span> <span class='ocrx_word' id='word_1_200' title='bbox 1381 2874 1522 2914; x_wconf 90' lang='lat' dir='ltr'>cum</span> <span class='ocrx_word' id='word_1_201' title='bbox 1538 2853 1782 2913; x_wconf 84' lang='lat' dir='ltr'>vexillis</span> <span class='ocrx_word' id='word_1_202' title='bbox 1805 2871 2004 2911; x_wconf 91' lang='lat' dir='ltr'>nonae</span> <span class='ocrx_word' id='word_1_203' title='bbox 2027 2870 2239 2910; x_wconf 89' lang='lat' dir='ltr'>secun-</span> 
     </span>
     <span class='ocr_line' id='line_1_28' title="bbox 334 2947 2344 3029; baseline 0 -23"><span class='ocrx_word' id='word_1_204' title='bbox 334 2948 571 3026; x_wconf 91' lang='lat' dir='ltr'>daeque</span> <span class='ocrx_word' id='word_1_205' title='bbox 607 2957 671 3007; x_wconf 94' lang='lat' dir='ltr'>et</span> <span class='ocrx_word' id='word_1_206' title='bbox 700 2947 1032 3009; x_wconf 87' lang='lat' dir='ltr'>vicesimae</span> <span class='ocrx_word' id='word_1_207' title='bbox 1063 2949 1567 3012; x_wconf 88' lang='lat' dir='ltr'>Britannicarum</span> <span class='ocrx_word' id='word_1_208' title='bbox 1607 2950 1923 3029; x_wconf 89' lang='lat' dir='ltr'>legionum</span> <span class='ocrx_word' id='word_1_209' title='bbox 1964 2947 2238 3010; x_wconf 87' lang='lat' dir='ltr'>mediam</span> <span class='ocrx_word' id='word_1_210' title='bbox 2283 2961 2344 3006; x_wconf 90' lang='lat'>10</span> 
     </span>
     <span class='ocr_line' id='line_1_29' title="bbox 333 3043 2236 3124; baseline -0.001 -21"><span class='ocrx_word' id='word_1_211' title='bbox 333 3045 545 3118; x_wconf 87' lang='lat' dir='ltr'>aciem,</span> <span class='ocrx_word' id='word_1_212' title='bbox 574 3046 1129 3107; x_wconf 85' lang='lat' dir='ltr'>sextadecumanos</span> <span class='ocrx_word' id='word_1_213' title='bbox 1167 3047 1887 3124; x_wconf 86' lang='lat' dir='ltr'>duoetvicesimanosque</span> <span class='ocrx_word' id='word_1_214' title='bbox 1918 3053 1982 3103; x_wconf 93' lang='lat' dir='ltr'>et</span> <span class='ocrx_word' id='word_1_215' title='bbox 2010 3043 2236 3123; x_wconf 89' lang='lat' dir='ltr'>prima-</span> 
     </span>
     <span class='ocr_line' id='line_1_30' title="bbox 332 3139 2238 3223; baseline 0 -24"><span class='ocrx_word' id='word_1_216' title='bbox 332 3160 445 3200; x_wconf 89' lang='lat' dir='ltr'>nos</span> <span class='ocrx_word' id='word_1_217' title='bbox 489 3142 738 3201; x_wconf 89' lang='lat' dir='ltr'>laevum</span> <span class='ocrx_word' id='word_1_218' title='bbox 784 3163 974 3204; x_wconf 88' lang='lat' dir='ltr'>cornu</span> <span class='ocrx_word' id='word_1_219' title='bbox 1020 3145 1380 3223; x_wconf 90' lang='lat' dir='ltr'>complesse.</span> <span class='ocrx_word' id='word_1_220' title='bbox 1462 3143 1745 3222; x_wconf 87' lang='lat' dir='ltr'>Rapaces</span> <span class='ocrx_word' id='word_1_221' title='bbox 1789 3150 1976 3220; x_wconf 80' lang='lat' dir='ltr'>atque</span> <span class='ocrx_word' id='word_1_222' title='bbox 2027 3139 2238 3199; x_wconf 84' lang='lat' dir='ltr'>Italici</span> 
     </span>
     <span class='ocr_line' id='line_1_31' title="bbox 333 3237 2236 3320; baseline 0 -25"><span class='ocrx_word' id='word_1_223' title='bbox 333 3238 616 3299; x_wconf 91' lang='lat' dir='ltr'>omnibus</span> <span class='ocrx_word' id='word_1_224' title='bbox 665 3260 731 3300; x_wconf 88' lang='lat' dir='ltr'>se</span> <span class='ocrx_word' id='word_1_225' title='bbox 780 3241 1113 3320; x_wconf 91' lang='lat' dir='ltr'>manipulis</span> <span class='ocrx_word' id='word_1_226' title='bbox 1168 3240 1582 3313; x_wconf 83' lang='lat' dir='ltr'>miscuerant3</span> <span class='ocrx_word' id='word_1_227' title='bbox 1638 3238 1826 3318; x_wconf 79' lang='lat' dir='ltr'>eques</span> <span class='ocrx_word' id='word_1_228' title='bbox 1883 3237 2236 3316; x_wconf 83' lang='lat' dir='ltr'>auxiliaque</span> 
     </span>
     <span class='ocr_line' id='line_1_32' title="bbox 331 3334 2236 3418; baseline 0 -25"><span class='ocrx_word' id='word_1_229' title='bbox 331 3335 449 3394; x_wconf 91' lang='lat' dir='ltr'>sibi</span> <span class='ocrx_word' id='word_1_230' title='bbox 491 3335 609 3417; x_wconf 91' lang='lat' dir='ltr'>ipsi</span> <span class='ocrx_word' id='word_1_231' title='bbox 651 3338 859 3397; x_wconf 91' lang='lat' dir='ltr'>locum</span> <span class='ocrx_word' id='word_1_232' title='bbox 899 3340 1123 3418; x_wconf 86' lang='lat' dir='ltr'>legere.</span> <span class='ocrx_word' id='word_1_233' title='bbox 1207 3336 1529 3397; x_wconf 91' lang='lat' dir='ltr'>Proelium</span> <span class='ocrx_word' id='word_1_234' title='bbox 1568 3345 1706 3396; x_wconf 89' lang='lat' dir='ltr'>tota</span> <span class='ocrx_word' id='word_1_235' title='bbox 1747 3344 1930 3396; x_wconf 89' lang='lat' dir='ltr'>nocte</span> <span class='ocrx_word' id='word_1_236' title='bbox 1972 3334 2236 3408; x_wconf 87' lang='lat' dir='ltr'>varium,</span> 
     </span>
     <span class='ocr_line' id='line_1_33' title="bbox 332 3431 2339 3512; baseline 0.001 -22"><span class='ocrx_word' id='word_1_237' title='bbox 332 3450 574 3512; x_wconf 55' lang='lat' dir='ltr'>anceps</span> <span class='ocrx_word' id='word_1_238' title='bbox 603 3444 817 3510; x_wconf 85' lang='lat' dir='ltr'>atrox;</span> <span class='ocrx_word' id='word_1_239' title='bbox 858 3434 973 3506; x_wconf 89' lang='lat' dir='ltr'>his,</span> <span class='ocrx_word' id='word_1_240' title='bbox 1003 3454 1209 3494; x_wconf 91' lang='lat' dir='ltr'>rursus</span> <span class='ocrx_word' id='word_1_241' title='bbox 1249 3434 1371 3493; x_wconf 91' lang='lat' dir='ltr'>illis</span> <span class='ocrx_word' id='word_1_242' title='bbox 1401 3432 1753 3493; x_wconf 87' lang='lat' dir='ltr'>exitiabile:</span> <span class='ocrx_word' id='word_1_243' title='bbox 1796 3431 1949 3492; x_wconf 86' lang='lat' dir='ltr'>nihil</span> <span class='ocrx_word' id='word_1_244' title='bbox 1993 3432 2235 3492; x_wconf 90' lang='lat' dir='ltr'>animus</span> <span class='ocrx_word' id='word_1_245' title='bbox 2276 3446 2339 3492; x_wconf 90' lang='lat'>15</span> 
     </span>
     <span class='ocr_line' id='line_1_34' title="bbox 333 3530 2236 3620; baseline 0.002 -32"><span class='ocrx_word' id='word_1_246' title='bbox 333 3538 440 3589; x_wconf 87' lang='lat' dir='ltr'>aut</span> <span class='ocrx_word' id='word_1_247' title='bbox 467 3551 707 3609; x_wconf 88' lang='lat' dir='ltr'>manus,</span> <span class='ocrx_word' id='word_1_248' title='bbox 737 3550 815 3593; x_wconf 89' lang='lat' dir='ltr'>ne</span> <span class='ocrx_word' id='word_1_249' title='bbox 844 3532 1005 3592; x_wconf 92' lang='lat' dir='ltr'>oculi</span> <span class='ocrx_word' id='word_1_250' title='bbox 1039 3531 1291 3620; x_wconf 81' lang='lat' dir='ltr'>quidem</span> <span class='ocrx_word' id='word_1_251' title='bbox 1330 3530 1585 3612; x_wconf 88' lang='lat' dir='ltr'>provisu</span> <span class='ocrx_word' id='word_1_252' title='bbox 1623 3530 1972 3612; x_wconf 85' lang='lat' dir='ltr'>juvabant:</span> <span class='ocrx_word' id='word_1_253' title='bbox 2015 3530 2236 3591; x_wconf 88' lang='lat' dir='ltr'>eadem</span> 
     </span>
    </p>
   </div>
  </div>
 </body>
</html>
