2738 4048
787 282 1309 332 fflsromARUM
1351 284 1574 331 LmER
1618 285 1949 332 manos.
2258 274 2385 334 113

375 438 690 502 Minucius
706 437 749 499 J
752 449 925 500 ustus
944 441 1296 521 praefectus
1319 452 1661 502 castrorum
1681 442 1944 522 legionis
1965 442 2279 522 septimae,
2355 459 2385 504 5

378 539 523 619 quia
545 536 875 597 adductius
897 557 1083 616 quam
1106 538 1274 598 civili
1300 539 1464 599 bello
1493 539 1908 618 imperitabat,
1931 540 2280 601 subtractus

377 637 647 696 militum
683 634 811 693 irae
853 634 934 693 ad
964 634 1417 714 Vespasianum
1458 637 1678 697 missus
1719 648 1830 697 est.
1912 637 2282 697 Desiderata

378 734 486 793 diu
527 753 623 793 res
664 732 1178 810 interpretatione
1219 734 1538 813 gloriaque
1581 738 1653 793 in
1694 736 1895 814 majus
1953 735 2274 814 accipitur,

378 840 707 910 postquam
728 829 963 889 Galbae
992 828 1294 908 imagines
1317 830 1627 890 discordia
1653 841 2004 909 temporum
2031 832 2279 892 subver-

378 948 475 987 sas
501 927 567 986 in
596 925 880 986 omnibus
909 925 1259 1005 municipiis
1300 926 1490 987 recoli
1529 929 1715 1007 jussit
1742 928 2075 1002 Antonius,
2105 929 2282 990 deco-
2323 945 2384 991 10

378 1045 512 1084 rum
550 1043 663 1103 pro
701 1041 884 1083 causa
923 1032 1109 1097 ratUS,
1137 1022 1189 1082 si
1229 1023 1475 1102 placere
1517 1023 1750 1085 Galbae
1791 1026 2171 1106 principatus
2213 1036 2279 1088 et

378 1132 583 1200 partes
610 1119 980 1179 revirescere
1009 1119 1428 1180 crederentur.

460 1221 515 1278 8.
572 1217 937 1290 Quaesitum
964 1216 1112 1277 inde
1141 1238 1299 1297 quae
1340 1218 1519 1279 sedes
1546 1219 1710 1280 bello
1750 1220 2076 1299 legeretur.
2155 1221 2278 1281 Ve-

377 1337 531 1377 rona
559 1315 763 1394 potior
793 1316 942 1389 visa,
971 1316 1329 1395 patentibus
1371 1315 1603 1376 circum
1633 1317 1865 1396 campis
1894 1317 1974 1375 ad
2004 1336 2276 1396 pugnam

377 1426 743 1494 equestrem,
794 1432 915 1492 qua
962 1414 1441 1494 praevalebant:
1499 1413 1682 1474 simul
1726 1413 2031 1474 coloniam
2080 1413 2271 1493 copiis

375 1512 645 1572 validam
673 1513 916 1573 auferre
945 1511 1206 1572 Vitellio
1247 1511 1312 1570 in
1352 1529 1487 1570 rem
1527 1510 1881 1590 famamque
1923 1510 2271 1571 videbatur.

375 1608 667 1670 Possessa
705 1611 839 1690 ipso
879 1609 1148 1670 transitu
1181 1607 1473 1683 ‘Vicetia3
1529 1607 1693 1687 quod
1745 1627 1854 1686 per
1902 1627 1966 1667 se
2015 1627 2278 1686 parvum
2350 1621 2382 1667 5

380 1707 640 1785 (etenim
656 1708 934 1768 modicae
953 1705 1288 1786 municipio
1304 1705 1493 1781 vires)
1515 1704 1727 1783 magni
1749 1705 2047 1763 momenti
2068 1704 2274 1763 locum

373 1803 646 1864 obtinuit
666 1805 1101 1883 reputantibus
1122 1804 1247 1863 illic
1271 1801 1601 1863 Caecinam
1621 1801 1905 1881 genitum
1927 1811 1991 1861 et
2010 1800 2275 1880 patriam

371 1900 645 1960 hostium
674 1901 819 1960 duci
848 1909 1145 1980 ereptam.
1217 1898 1293 1958 In
1321 1897 1787 1959 Veronensibus
1816 1897 2086 1976 pretium
2114 1896 2274 1957 fuit:
2334 1946 2339 1952 .

371 1997 655 2077 exemplo
685 1998 1025 2078 opibusque
1055 2007 1261 2077 partes
1292 1996 1550 2076 juvere;
1594 2005 1658 2057 et
1699 1997 2066 2076 interjectus
2109 2015 2276 2055 exer-

372 2094 530 2154 citus
560 2094 844 2154 Raetiam
869 2095 911 2156 J
917 2095 1190 2174 uliasque
1217 2098 1432 2174 AlpeS,
1461 2114 1534 2154 ac
1562 2115 1640 2154 ne
1668 2093 1954 2174 pervium
1994 2093 2102 2153 illa
2129 2092 2277 2153 Ger·
2318 2106 2380 2152 10

370 2192 624 2252 manicis
679 2193 1047 2252 exercitibus
1102 2193 1276 2268 foret,
1331 2193 1707 2273 obsepserat.
1808 2191 1984 2264 Quae
2052 2191 2271 2271 ignara

373 2288 755 2368 Vespasiano
798 2298 906 2348 aut
946 2290 1183 2349 vetita:
1227 2290 1455 2369 quippe
1496 2290 1822 2369 Aquileiae
1864 2289 2000 2350 sisti
2037 2290 2274 2350 bellum

371 2384 837 2465 exspectarique
856 2384 1218 2446 Mucianum
1237 2387 1513 2466 jubebat,
1533 2387 1990 2467 adjiciebatque
2010 2387 2273 2468 imperio

311 2505 317 2510 ·
372 2483 707 2556 consilium,
737 2484 983 2561 quando
1010 2483 1361 2562 Aegyptus,
1393 2484 1660 2543 claustra
1689 2503 1988 2558 annonae,
2006 2485 2273 2562 vectiga-

371 2578 454 2637 lia
482 2579 1085 2658 opulentissimarum
1114 2580 1572 2659 provinciarum
1615 2581 2062 2656 obtinerentur,
2091 2601 2271 2661 posse
2315 2594 2376 2641 15

373 2675 615 2736 Vitellii
656 2676 1003 2736 exercitum
1046 2679 1324 2755 egestate
1372 2678 1668 2757 stipendii
1724 2678 2148 2756 frumentique
2191 2676 2272 2736 ad

373 2772 755 2832 deditionem
782 2773 1002 2852 subigi.
1084 2773 1323 2834 Eadem
1352 2775 1679 2836 Mucianus
1721 2774 1950 2836 crebris
1993 2774 2271 2854 epistolis

370 2869 680 2942 monebat,
720 2870 1107 2929 incruentam
1152 2880 1217 2930 et
1265 2871 1399 2932 sine
1450 2873 1621 2932 luctu
1663 2872 1987 2933 victoriam
2036 2881 2101 2931 et
2150 2871 2272 2930 alia

371 2967 628 3046 hujusce
665 2965 846 3026 modi
892 2970 1332 3046 praetexendo‚
1382 2969 1491 3030 sed
1534 2969 1768 3049 gloriae
1815 2968 2035 3028 avidus
2085 2978 2271 3047 atque

372 3083 551 3122 omne
579 3062 725 3122 belli
754 3063 942 3123 decus
970 3065 1085 3124 sibi
1112 3066 1403 3126 retinens.
1467 3066 1764 3127 Ceterum
1793 3086 1869 3124 ex
1899 3065 2270 3125 distantibus
2311 3078 2372 3124 20

364 3171 675 3219 'terrarum
701 3161 916 3241 spatiis
945 3162 1201 3222 consilia
1230 3173 1369 3242 post
1398 3183 1498 3223 res
1527 3162 1961 3222 afferebantur.

452 3258 506 3315 9.
561 3256 767 3337 Igitur
791 3259 1119 3338 repentino
1161 3260 1411 3319 incursu
1439 3259 1754 3319 Antonius
1798 3259 2096 3319 stationes
2137 3260 2272 3319 hos-

370 3352 529 3412 tium
555 3353 795 3434 irrupit,
823 3356 1203 3435 tentatisque
1244 3356 1371 3415 levi
1411 3356 1645 3434 proelio
1688 3355 1908 3415 animis
1951 3375 2028 3415 ex
2071 3377 2267 3435 aequo

369 3449 724 3512 discessum.
779 3452 939 3513 Mox
969 3453 1237 3514 Caecina
1264 3453 1430 3513 inter
1458 3452 1811 3526 Hostiliam,
1840 3452 2046 3512 vicum
2075 3453 2271 3514 Vero-

369 3548 671 3623 nensium,
702 3559 766 3609 et
807 3550 1066 3630 paludes
1095 3548 1344 3608 Tartari
1379 3549 1650 3610 fluminis
1684 3559 1885 3610 castra
1911 3549 2266 3630 permuniit,
