2738 4048
389 220 475 284 42
991 235 1384 285 ExcERPTA
1426 235 1856 285 TAGITIANA.

577 395 674 454 20.
755 392 1007 454 Interea
1064 393 1389 472 manipuli,
1451 403 1595 453 ante
1659 402 1949 473 coeptam
2008 394 2389 457 seditionem

487 491 883 571 Nauportum
931 490 1103 550 missi
1151 491 1231 549 ob
1280 490 1510 549 itinera
1556 500 1620 550 et
1649 503 1873 569 pontes
1916 501 1980 552 et
2026 493 2177 554 alios
2221 514 2388 568 usuS,

486 598 815 667 postquam
844 587 1162 646 turbatum
1190 587 1254 645 in
1286 587 1500 646 castris
1531 606 1846 665 accepere,
1874 589 2107 648 vexilla
2147 591 2392 649 convel-

487 686 624 744 lunt
654 685 1036 763 direptisque
1064 683 1361 762 proximis
1385 683 1537 742 vicis
1565 683 1822 763 ipsoque
1846 685 2196 763 NauportO,
2218 687 2389 766 quod

381 799 411 844 5
482 781 808 861 municipii
852 781 1048 840 instar
1095 789 1248 854 erat,
1277 779 1610 839 retinentis
1653 781 2059 841 centuriones·
2094 782 2277 841 irrisu
2323 792 2389 843 et

489 878 896 951 contumeliis,
945 887 1261 956 postremo
1306 876 1663 936 verberibus
1718 877 2122 952 insectantur,
2161 879 2392 957 praeci-

487 996 611 1055 pua
651 976 717 1034 in
745 973 1152 1033 Aufidienum
1181 972 1422 1032 Rufum
1463 973 1849 1051 praefectum
1892 984 2236 1033 castrorum
2276 975 2391 1051 ira,

490 1092 674 1152 quem
724 1072 1052 1150 dereptum
1100 1070 1384 1130 vehiculo
1441 1069 1695 1129 sarcinis
1749 1078 2015 1149 gravant
2072 1082 2391 1152 aguntque

488 1169 689 1249 primo
718 1169 784 1227 in
814 1167 1080 1246 agmine,
1110 1186 1222 1245 per
1250 1165 1587 1225 ludibrium
1616 1167 1962 1246 rogitantes
1999 1187 2079 1227 an
2113 1178 2245 1228 tam
2283 1170 2395 1228 im-

384 1280 446 1326 10
485 1284 700 1325 mensa
717 1284 924 1338 onera,
946 1274 1078 1323 tam
1106 1264 1295 1342 longa
1322 1262 1549 1321 itinera
1578 1262 1845 1322 libenter
1872 1263 2085 1324 ferret.
2143 1263 2392 1346 Quippe

491 1362 696 1422 Rufus
726 1361 833 1419 diu
862 1359 1280 1439 manipularis,
1305 1358 1453 1418 dein
1481 1358 1783 1432 centurio,
1805 1380 1952 1420 mox
1982 1361 2197 1421 castris
2224 1382 2396 1442 prae-

489 1460 693 1519 fectus
736 1457 1055 1537 antiquam
1097 1457 1438 1535 duramque
1479 1456 1769 1516 militiam
1810 1458 2164 1532 revocabat,
2194 1459 2396 1520 inten-

492 1567 591 1617 tus
620 1555 821 1635 operis
852 1574 921 1613 ac
951 1553 1178 1613 laboris
1209 1563 1273 1613 et
1302 1574 1375 1612 eo
1405 1553 1727 1627 immitior,
1757 1554 1901 1633 quia
1928 1556 2324 1616 toleraverat.

572 1654 669 1713 21.
753 1652 997 1711 Horum
1040 1651 1319 1711 adventu
1358 1650 1825 1731 redintegratur
1866 1651 2110 1726 sediti0,
2142 1662 2206 1712 et
2246 1654 2396 1734 vagi

493 1757 897 1838 circumjecta
950 1756 1431 1837 populabantur.
1528 1752 1786 1813 Blaesus
1834 1775 2083 1834 paucos,
2123 1751 2395 1812 maxime

491 1854 726 1932 praeda
748 1864 1021 1929 onustos,
1042 1855 1123 1914 ad
1145 1865 1448 1916 terrorem
1469 1865 1817 1933 ceterorum
1838 1854 1997 1914 affici
2017 1853 2395 1927 verberibus,

494 1951 702 2011 claudi
730 1973 976 2014 carcere
1013 1956 1228 2035 jubet3
1269 1975 1416 2013 nam
1447 1954 1636 2014 etiam
1663 1964 1801 2014 tum
1826 1954 2036 2034 legato
2066 1973 2104 2012 a
2131 1950 2399 2012 centuri-

386 2063 418 2110 5
494 2051 715 2111 onibus
744 2059 809 2111 et
837 2052 1074 2130 optimo
1104 2072 1348 2132 quoque
1377 2053 1857 2133 manipularium
1884 2053 2236 2132 parebatur.
2292 2050 2400 2109 Illi

493 2149 694 2209 obniti
708 2151 1117 2225 trahentibuS,
1134 2171 1425 2230 prensare
1444 2151 1980 2212 circumstantium
1996 2170 2218 2231 genua,
2232 2150 2398 2209 ciere

493 2247 685 2307 modo
716 2248 968 2308 nomina
997 2248 1400 2329 singulorum,
1424 2250 1613 2309 modo
1642 2250 1987 2310 centuriam
2010 2249 2267 2329 quisque
2297 2268 2400 2307 cu-

485 2343 590 2423 jus
616 2344 1016 2424 manipularis
1046 2356 1197 2420 erat,
1219 2347 1564 2420 cohortem,
1586 2346 1916 2426 legionem,
1947 2347 2166 2406 eadem
2206 2344 2403 2406 omni-

494 2441 610 2501 bus
648 2441 971 2502 imminere
1014 2443 1426 2504 clamitantes
1513 2444 1710 2504 Simul
1751 2444 1979 2521 probra
2020 2444 2084 2502 in
2120 2443 2400 2522 legatum

389 2550 452 2599 10
494 2539 831 2614 cumulant,
855 2542 1093 2600 caelum
1117 2560 1190 2601 ac
1212 2541 1364 2600 deos
1387 2541 1798 2614 obtestantur,
1822 2539 1978 2599 nihil
2000 2541 2222 2619 reliqui
2245 2540 2402 2598 faci-

494 2644 611 2696 unt
640 2657 762 2716 quo
791 2638 995 2698 minus
1024 2638 1347 2714 invidiam,
1376 2638 1882 2711 misericordiam,
1910 2646 2149 2697 metum
2178 2645 2243 2697 et
2276 2637 2400 2697 iras
2437 2641 2446 2650 “

495 2746 953 2814 permoverent.
1035 2737 1405 2798 Accurritur
1444 2738 1523 2797 ab
1560 2736 1885 2809 universiS,
1914 2744 1979 2796 et
2021 2755 2265 2796 carcere
2309 2735 2401 2795 ef-

494 2832 696 2893 fracto
726 2834 979 2895 solvunt
1006 2835 1274 2909 vincula,
1305 2836 1774 2914 desertoresque
1814 2853 1885 2893 ac
1921 2853 2129 2892 rerum
2168 2834 2402 2912 capita-

495 2929 650 2989 lium
679 2931 1005 2991 damnatos
1035 2931 1153 2991 sibi
1180 2933 1311 3011 jam
1340 2932 1624 2991 miscent.

578 3028 674 3086 22.
758 3027 1157 3107 Flagrantior
1210 3028 1358 3087 inde
1408 3028 1523 3100 viS‚
1574 3029 1783 3107 plures
1839 3026 2134 3087 seditioni
2190 3027 2401 3086 duceS.

498 3120 586 3182 Et
630 3123 980 3184 Vibulenus
1023 3124 1275 3203 quidam
1315 3124 1640 3204 gregarius
1687 3124 1885 3198 mileS,
1932 3132 2075 3183 ante
2124 3123 2402 3183 tribunal

498 3218 706 3279 Blaesi
749 3222 1050 3281 allevatus
1094 3222 1631 3281 circumstantium
1669 3220 1961 3293 humeris,
1992 3220 2159 3299 apud
2196 3219 2406 3279 turba-

499 3320 598 3373 tos
628 3324 691 3374 et
721 3317 870 3395 quid
898 3328 1146 3396 pararet
1183 3317 1463 3376 intentos
1505 3324 1649 3376 ‘vos
1692 3315 1980 3396 quidem,’
2009 3316 2230 3395 inquit,
2274 3315 2405 3374 ‘his

391 3422 423 3469 5
499 3409 936 3473 innocentibus
965 3423 1029 3473 et
1054 3413 1418 3474 miserrimis
1445 3414 1647 3473 lucem
1678 3423 1742 3473 et
1770 3414 2059 3492 spiritum
2099 3412 2409 3472 reddidis-

498 3506 615 3567 tis:
644 3508 754 3567 sed
785 3509 920 3587 quis
957 3509 1141 3568 fratri
1176 3530 1318 3570 meo
1348 3511 1566 3583 vitam,
1597 3510 1732 3589 quis
1772 3510 2033 3570 fratrem
2074 3508 2230 3568 mihi
2270 3508 2407 3569 red-
