2738 4048
369 187 452 252 38

364 474 428 520 20

360 1537 422 1584 10

359 2019 420 2067 15

352 3375 414 3421 10

971 203 1362 255 EXCERPTA
1403 202 1758 253 TACITIAN
1757 202 1832 252 A.

470 362 792 423 Accedere
847 372 1113 424 matrem
1159 361 1452 422 muliebri
1504 361 1916 441 impotentia:
1970 362 2372 425 serviendum

470 459 735 521 feminae
793 460 1156 540 duobusque
1211 460 1466 538 insuper
1521 459 2038 534 adolescentibus,
2083 461 2190 540 qui
2235 481 2372 521 rem

468 557 782 636 publicam
811 556 1062 616 interim
1091 567 1398 636 premant,
1429 557 1801 636 quandoque
1832 556 2201 617 distrahant.
2245 565 2297 639 ฯ

572 653 628 713 5.
698 653 873 713 Haec
896 663 1081 733 atque
1104 653 1255 713 talia
1284 653 1664 732 agitantibus
1684 672 2049 732 gravescere
2071 653 2368 714 valetudo

467 749 777 830 Augusti3
806 759 870 810 et
885 750 1140 829 quidam
1162 750 1359 810 scelus
1376 749 1583 808 uxoris
1602 750 2062 828 suspectabant.
2119 749 2367 829 Quippe

468 867 682 907 rumor
709 847 1064 921 incesserat,
1094 866 1323 926 paucos
1363 855 1507 905 ante
1536 865 1780 906 menses
1808 846 2187 926 Augustum,
2217 847 2370 907 elec-

468 944 549 1003 tis
577 944 840 1004 consciis
891 953 955 1004 et
1004 944 1232 1003 comite
1274 963 1399 1002 uno
1444 943 1642 1002 Fabio
1680 942 1980 1016 Maximo,
2011 942 2369 1002 Planasiam

464 1050 717 1100 vectum
746 1042 826 1101 ad
858 1041 1183 1101 visendum
1213 1040 1597 1120 Agrippam3
1641 1041 1867 1100 multas
1895 1040 2023 1099 illic
2052 1040 2366 1119 utrimque

466 1136 749 1196 lacrimas
778 1148 842 1197 et
876 1137 1055 1217 signa
1092 1137 1372 1196 caritatis
1414 1155 1708 1215 spemque
1753 1156 1830 1196 ex
1872 1156 1945 1196 eo
1985 1136 2122 1196 fore
2163 1145 2237 1195 ut
2274 1137 2370 1217 ju-

467 1233 644 1293 venis
672 1234 1001 1313 penatibus
1032 1233 1135 1294 avi
1162 1233 1534 1292 redderetur
1559 1253 1573 1292 :
1616 1233 1783 1312 quod
1810 1232 2157 1293 Maximum
2185 1233 2368 1292 uxori
2423 1266 2424 1269 ยน

467 1329 743 1390 Marciae
782 1331 1112 1409 aperuisse,
1141 1330 1313 1388 illam
1341 1329 1576 1390 Liviae.
1660 1329 1938 1390 Gnarum
1977 1328 2044 1389 id
2076 1329 2323 1389 Caesari
2350 1349 2368 1405 3

466 1446 668 1505 neque
702 1429 900 1487 multo
939 1437 1081 1507 post
1123 1427 1403 1486 extincto
1434 1426 1735 1500 MaximO,
1764 1427 2024 1486 dubium
2066 1446 2144 1486 an
2189 1445 2370 1506 quae-

464 1524 586 1586 sita
628 1533 849 1599 morte,
895 1525 1142 1584 auditos
1198 1524 1264 1582 in
1310 1524 1530 1583 funere
1581 1525 1718 1604 ejus
1768 1523 2044 1583 Marciae
2093 1523 2367 1603 gemitus

464 1631 664 1683 semet
694 1621 1056 1696 incusantis,
1079 1621 1247 1701 quod
1277 1640 1463 1681 causa
1492 1620 1670 1679 exitii
1698 1620 1924 1680 marito
1954 1621 2194 1680 fuisset.
2250 1619 2369 1682 Ut-

466 1739 728 1799 cumque
771 1740 834 1780 se
879 1740 952 1779 ea
991 1739 1089 1779 res
1130 1718 1369 1792 habuit,
1401 1717 1664 1777 vixdum
1706 1716 2018 1797 ingressus
2041 1717 2366 1797 Illyricum

466 1815 753 1876 Tiberius
801 1817 1081 1896 properis
1124 1816 1343 1884 matris
1392 1814 1591 1875 literis
1641 1815 1915 1891 accitur3
1962 1835 2165 1894 neque
2215 1815 2367 1875 satis

464 1919 853 1988 compertum
895 1922 1008 1982 est,
1039 1910 1380 1988 spirantem
1423 1910 1627 1969 adhuc
1656 1909 2019 1988 Augustum
2061 1910 2229 1989 apud
2270 1930 2369 1970 ur-

461 2006 604 2066 bem
630 2004 862 2065 Nolam
891 2024 969 2065 an
1000 2004 1349 2065 exanimem
1379 2005 1742 2085 reppererit.
1797 2005 2071 2068 Acribus.
2095 2026 2365 2087 namque

466 2102 768 2162 custodiis
799 2102 1051 2161 domum
1081 2111 1145 2161 et
1174 2102 1307 2161 vias
1336 2111 1612 2181 sepserat
1653 2101 1851 2177 Livia,
1880 2103 2150 2183 laetique
2181 2104 2369 2164 inter-

465 2199 617 2257 dum
656 2198 861 2259 nuntii
898 2198 1335 2278 vulgabantur,
1366 2200 1567 2259 donec
1607 2201 1873 2279 provisis
1917 2221 2073 2280 quae
2115 2210 2367 2280 tempus

462 2294 776 2368 monebat,
818 2294 1000 2355 simul
1042 2296 1374 2356 excessisse
1416 2297 1779 2377 Augustum
1819 2307 1884 2357 et
1923 2317 2131 2358 rerum
2171 2298 2367 2378 potiri

464 2390 785 2451 Neronem
812 2392 982 2451 fama
1009 2393 1227 2452 eadem
1257 2394 1422 2453 tulit.

546 2488 641 2548 11.
681 2487 921 2548 Versae
942 2489 1088 2548 inde
1105 2490 1185 2549 ad
1201 2490 1522 2549 Tiberium
1537 2511 1772 2571 preces.
1828 2491 1915 2552 Et
1936 2491 2040 2553 ille
2058 2492 2229 2552 varie
2246 2491 2367 2553 dis-

462 2585 706 2645 serebat
733 2584 812 2644 de
839 2585 1269 2665 magnitudine
1308 2586 1573 2666 imperii,
1603 2607 1712 2649 sua
1740 2590 2067 2650 modestia.
2152 2590 2365 2650 Solam

463 2682 595 2742 divi
643 2680 918 2761 Augusti
971 2692 1246 2742 mentem
1302 2693 1519 2745 tantae
1567 2686 1749 2746 molis
1796 2705 2119 2765 capacem:
2175 2706 2239 2746 se
2294 2686 2361 2746 in

460 2788 704 2858 partem
734 2798 1020 2837 curarum
1061 2779 1139 2838 ab
1181 2780 1290 2840 illo
1324 2781 1618 2841 vocatum
1660 2781 2039 2861 experiendo
2071 2782 2363 2842 didicisse

458 2896 645 2956 quam
715 2875 997 2949 arduum,
1069 2896 1256 2956 quam
1324 2879 1676 2959 subjectum
1743 2879 2034 2939 fortunae
2101 2879 2364 2957 regendi

461 2982 685 3034 cuncta
714 2992 889 3033 onus.
973 2972 1248 3034 Proinde
1290 2974 1356 3033 in
1399 2975 1655 3035 civitate
1696 2984 1795 3036 tot
1835 2975 2183 3036 illustribus
2210 2975 2363 3037 viris

459 3070 720 3132 subnixa
747 3090 873 3130 non
905 3071 985 3130 ad
1014 3091 1206 3130 unum
1234 3071 1444 3131 omnia
1472 3072 1826 3133 deferrent:
1868 3073 2076 3151 plures
2117 3072 2363 3132 facilius

457 3168 671 3227 munia
697 3168 1070 3247 reipublicae
1100 3167 1348 3228 sociatis
1378 3167 1688 3228 laboribus
1718 3178 2139 3229 exsecuturos.
2207 3168 2362 3228 Plus

458 3262 524 3324 in
553 3265 834 3325 oratione
863 3265 977 3326 tali
1005 3263 1332 3344 dignitatis
1362 3284 1547 3343 quam
1579 3265 1729 3325 fidei
1770 3275 1939 3326 erat:
1983 3264 2360 3344 Tiberioque

454 3361 647 3423 etiam
700 3363 766 3422 in
821 3364 1005 3423 rebus
1053 3381 1206 3442 quas
1253 3381 1380 3421 non
1425 3364 1757 3437 occuleret,
1799 3383 1910 3424 seu
1955 3372 2179 3423 natura
2226 3363 2359 3423 sive

460 3458 876 3532 assuetudine,
914 3477 1212 3538 suspensa
1248 3478 1494 3538 semper
1536 3469 1603 3520 et
1642 3461 1904 3522 obscura
1943 3462 2165 3522 verba:
2206 3469 2359 3521 tunc
