2738 4048
764 257 1158 307 EXCERPTA
1205 259 1433 306 VITAE:
1478 257 1923 307 AGRIOOLAE.
2219 243 2346 309 147

334 434 500 476 anno
532 423 675 476 ante
703 424 920 475 natum
949 415 1143 474 filium
1174 416 1399 475 amisit.
1472 415 1673 487 Quem
1704 434 1912 475 casum
1941 434 2140 495 neque
2169 425 2242 477 ut

334 512 615 591 plerique
645 513 901 571 fortium
928 512 1203 571 virorum
1233 511 1578 585 ambitiose,
1601 532 1800 591 neque
1828 533 1940 592 per
1969 514 2242 573 lamenta

332 628 544 669 rursus
573 629 644 669 ao
673 629 1013 668 maerorem
1044 610 1430 668 muliebriter
1466 610 1651 669 tulit:
1695 619 1758 669 et
1800 610 1863 669 in
1905 610 2078 668 luctu
2119 610 2242 669 bel-

332 706 463 764 lum
493 706 656 765 inter
683 706 956 764 remedia
986 716 1136 765 erat.
1219 705 1425 784 Igitur
1467 706 1802 786 praemissa
1845 707 2052 780 classe,
2084 726 2241 785 quae

332 802 612 881 pluribus
639 802 792 862 loeis
822 802 1121 881 praedata
1147 821 1446 882 magnum
1489 812 1552 861 et
1594 803 1900 862 incertum
1940 813 2239 863 terrorem

332 899 586 972 faceret,
615 900 910 979 expedito
939 899 1232 973 exercitu,
1263 900 1360 958 eui
1405 919 1482 958 ex
1513 899 1831 959 Britannis
1872 900 2239 959 fortissimos

333 1004 397 1055 et
438 997 625 1075 longa
652 1015 803 1075 paee
839 987 1191 1074 exploratos
1221 997 1564 1069 addiderat,
1595 996 1675 1055 ad
1717 1007 1995 1056 montem
2026 997 2240 1056 Gram-

332 1093 504 1171 pium
536 1092 840 1171 pervenit,
873 1112 1056 1171 quem
1085 1092 1217 1173 jam
1259 1093 1455 1152 hostis
1497 1093 1828 1152 insederat.
1909 1093 2076 1152 Nam
2107 1093 2239 1153 Bri-

331 1188 509 1247 tanni
553 1188 704 1246 nihil
748 1188 930 1248 fracti
974 1209 1220 1268 pugnae
1261 1188 1484 1269 prioris
1529 1198 1778 1262 eventu,
1822 1198 1886 1249 et
1934 1190 2235 1250 ultionem

333 1294 442 1344 aut
473 1285 794 1344 servitium
838 1293 1255 1363 expectantes,
1284 1286 1662 1365 tandemque
1692 1285 1864 1345 docti
1891 1285 2235 1365 perieulum

332 1402 656 1443 commune
687 1382 1018 1442 eoncordia
1046 1383 1553 1461 propulsandum,
1576 1382 1990 1462 legationibus
2021 1393 2084 1443 et
2111 1383 2238 1442 foe-

334 1479 584 1538 deribus
613 1479 890 1538 omnium
925 1479 1273 1539 eivitatium
1302 1480 1464 1539 vires
1507 1480 1881 1539 exciverant.
1966 1480 2235 1559 Jamque

331 1595 515 1655 super
541 1575 804 1655 triginta
833 1575 1005 1635 milia
1033 1585 1415 1636 armatorum
1443 1576 1915 1655 aspiciebantur,
1939 1587 2003 1636 et
2032 1577 2234 1636 adhue

331 1673 620 1732 affluebat
675 1674 873 1733 omnis
917 1673 1218 1752 juventus
1269 1683 1332 1733 et
1380 1673 1601 1752 quibus
1658 1673 1849 1732 cruda
1904 1692 1975 1732 ao
2023 1673 2238 1734 viridis

331 1778 636 1842 senectus,
681 1769 826 1829 olari
867 1769 1032 1829 bello
1075 1779 1139 1829 et
1182 1789 1292 1829 sua
1334 1770 1591 1849 quisque
1634 1770 1861 1829 deeora
1899 1777 2233 1848 gestanteS,

330 1887 472 1927 cum
523 1868 687 1926 inter
741 1864 946 1945 plures
993 1867 1181 1927 duces
1224 1866 1459 1926 virtute
1510 1876 1573 1926 et
1620 1886 1847 1946 genere
1895 1876 2233 1945 praestans,

329 1965 579 2027 nomine
612 1966 929 2047 Calgacus.
960 1966 1124 2047 apud
1156 1975 1541 2027 contractam
1571 1964 2035 2026 multitudinem
2063 1984 2234 2045 proe-

329 2065 481 2124 lium
510 2075 868 2144 poseentem
897 2067 960 2124 in
990 2066 1157 2125 huno
1187 2065 1442 2125 modum
1471 2066 1712 2125 loeutus
1741 2064 1958 2124 fertur.

411 2164 507 2222 30.
565 2170 581 2199 ‘
603 2163 907 2235 Quotiens
937 2183 1150 2224 causas
1188 2165 1334 2224 belli
1379 2172 1442 2223 et
1480 2163 1914 2223 necessitatem
1957 2172 2235 2224 nostram

329 2258 596 2333 intueor,
626 2280 885 2341 magnus
916 2261 1066 2320 mihi
1097 2261 1337 2320 animus
1367 2271 1461 2320 est
1489 2261 1854 2321 hodiernum
1886 2260 2050 2320 diem
2076 2281 2234 2320 ·eon-

329 2376 700 2437 sensumque
743 2367 1018 2418 vestrum
1060 2358 1306 2417 initium
1347 2358 1653 2418 libertatis
1702 2357 1824 2417 toti
1868 2357 2231 2417 Britanniae

329 2453 494 2529 fore3
552 2474 696 2513 nam
745 2463 809 2514 et
855 2454 1126 2514 universi
1173 2455 1490 2514 servitutis
1547 2465 1853 2533 expertes,
1903 2465 1967 2514 et
2024 2455 2230 2514 nullae

328 2552 492 2611 ultra
538 2561 739 2611 terrae
787 2572 858 2611 ae
901 2572 980 2611 ne
1031 2570 1198 2610 mare
1235 2551 1487 2630 quidem
1534 2571 1816 2610 securum
1866 2551 2228 2610 imminente

328 2648 506 2707 nobis
537 2648 727 2708 classe
759 2648 1057 2708 Romana.
1142 2647 1241 2708 Ita
1281 2648 1587 2726 proelium
1630 2657 1813 2726 atque
1858 2666 2044 2720 arma,
2074 2666 2231 2726 quae

326 2742 593 2804 fortibus
630 2745 909 2811 honesta,
942 2744 1159 2803 eadem
1203 2744 1393 2803 etiam
1436 2743 1678 2820 ignavis
1721 2743 2029 2803 tutissima
2070 2751 2231 2803 sunt.

328 2838 573 2900 Priores
595 2861 857 2921 pugnae,
881 2841 1100 2920 quibus
1123 2842 1418 2901 adversus
1442 2840 1759 2902 Romanos
1780 2841 1955 2901 varia
1980 2841 2231 2899 fortuna

327 2946 633 2998 certaturn
680 2947 789 3011 est,
840 2958 1011 3017 spem
1060 2959 1131 2998 ao
1176 2938 1518 2999 subsidium
1566 2938 1629 2998 in
1677 2937 1903 2997 nostris
1950 2937 2228 2997 manibus

324 3034 654 3107 habebant,
685 3036 829 3115 quia
870 3035 1241 3096 nobilissimi
1283 3036 1476 3095 totius
1519 3035 1879 3095 Britanniae
1927 3054 2122 3113 eoque
2165 3032 2229 3094 in

325 3129 472 3208 ipsis
495 3132 916 3210 penetralibus
938 3120 1040 3192 siti
1072 3153 1184 3192 nec
1207 3132 1606 3192 servientium
1637 3132 1819 3190 litora
1842 3131 2225 3210 aspicienteS,

326 3230 535 3288 oculos
565 3249 807 3309 quoque
839 3249 875 3289 a
903 3239 1193 3289 contactu
1219 3228 1659 3288 dominationis
1688 3228 2019 3287 inviolatos
2048 3228 2228 3287 habe-

322 3323 557 3385 bamus.
642 3326 706 3385 N
711 3347 778 3386 os
820 3335 1126 3385 terrarum
1158 3345 1228 3384 ao
1257 3325 1563 3385 libertatis
1605 3334 1914 3383 extremos
1957 3343 2228 3384 recessus

322 3420 454 3500 ipse
487 3441 556 3480 ao
587 3423 755 3482 sinus
784 3422 982 3481 famae
1012 3422 1071 3480 in
1104 3423 1268 3482 huno
1291 3421 1457 3481 diem
1479 3421 1764 3480 defendit
1790 3440 1804 3494 3
1836 3430 2019 3499 atque
2044 3440 2226 3479 omne

323 3517 604 3597 ignotum
635 3539 748 3600 pro
779 3518 1105 3599 magnifico
1135 3529 1228 3579 est
1254 3538 1267 3577 ε
1311 3518 1418 3578 sed
1450 3537 1613 3576 nuno
1653 3518 1953 3576 terminus
1984 3516 2226 3577 Britan-

2315 722 2345 767 5

2283 1206 2345 1252 10

2280 1688 2341 1734 15

2269 3048 2334 3098 10

2268 3532 2328 3577 15
