2738 4048
430 275 558 339 124
1043 290 1435 339 EXCERPTA
1478 288 1908 337 TACITIANA.

426 657 486 702 10

427 1819 486 1864 10

429 2303 493 2349 15

429 2792 493 2838 20

432 3274 496 3321 25

533 447 800 508 nissimis
829 456 1006 507 extra
1033 448 1250 507 urbem
1293 447 1589 507 aedificiis
1628 449 1829 527 jubet,
1859 447 1913 507 si
1955 447 2183 507 damno
2226 468 2439 508 rerum

534 566 781 605 suarum
812 545 1257 604 Cremonenses
1286 544 1364 603 ad
1395 545 1761 603 mutandam
1790 544 1980 603 fidem
2021 546 2438 606 traherentur.

529 642 888 721 Propinqua
909 641 1098 700 muris
1129 651 1299 700 tecta
1327 652 1393 699 et
1423 642 1818 701 altitudinem
1839 642 2160 702 moenium
2189 663 2439 722 egressa

532 739 870 799 fortissimo
903 758 1147 816 quoque
1178 738 1446 798 militum
1475 739 1783 817 complet;
1824 739 1917 798 illi
1959 741 2240 801 trabibus
2269 751 2442 821 tegu-

530 837 729 914 lisque
760 844 824 893 et
851 834 1089 893 facibus
1117 845 1613 914 propugnatores
1643 837 1997 896 deturbant.

615 933 708 990 31.
775 931 920 991 Jam
960 931 1236 1009 legiones
1277 932 1340 991 in
1387 933 1768 992 testudinem
1809 935 2332 1013 glomerabantur,
2377 944 2441 995 et

534 1028 639 1087 alii
668 1029 795 1087 tela
816 1047 1083 1107 saxaque
1114 1029 1521 1102 incutiebant,
1547 1050 1689 1089 cum
1714 1031 2113 1110 languescere
2136 1032 2438 1109 paulatim

532 1125 1015 1186 Vitellianorum
1045 1125 1251 1185 animi.
1338 1125 1432 1186 Ut
1463 1126 1598 1207 quis
1639 1128 1857 1187 ordine
1888 1127 2187 1201 anteibat,
2218 1128 2440 1187 cedere

529 1223 839 1296 fortunae,
869 1241 946 1281 ne
979 1223 1285 1283 Cremona
1315 1243 1561 1301 quoque
1592 1224 1816 1297 excisa,
1845 1225 2018 1284 nulla
2046 1225 2210 1283 ultra
2237 1224 2440 1297 venia,

532 1321 850 1398 omnisque
879 1319 973 1378 ira
998 1319 1254 1379 victoris
1283 1340 1410 1378 non
1440 1320 1504 1379 in
1535 1322 1759 1400 vulgus
1786 1321 1966 1400 inops
1995 1321 2104 1381 sed
2146 1320 2211 1379 in
2254 1321 2442 1380 tribu-

530 1438 645 1478 nos
675 1416 1207 1495 centurionesque,
1237 1417 1348 1475 ubi
1388 1418 1660 1496 pretium
1689 1418 1897 1477 caedis
1927 1426 2075 1490 erat,
2104 1427 2442 1477 revertere-

531 1525 652 1575 tur.
709 1513 1046 1593 Gregarius
1077 1513 1252 1572 miles
1281 1514 1480 1573 futuri
1510 1506 1717 1574 socors
1741 1525 1804 1574 et
1827 1515 2217 1594 ignobilitate
2240 1515 2442 1575 tutior
2500 1538 2503 1541 ·

530 1611 882 1690 perstabat:
928 1610 1071 1689 vagi
1100 1630 1211 1689 per
1252 1611 1406 1684 viaS‚
1436 1610 1501 1669 in
1532 1611 1820 1670 domibus
1852 1611 2068 1683 abditi,
2097 1630 2314 1690 pacem
2357 1631 2437 1669 ne

532 1718 669 1767 tum
692 1707 943 1788 quidem
973 1707 1252 1780 orabant,
1271 1727 1412 1767 cum
1434 1707 1667 1766 bellum
1689 1707 2057 1786 posuissent.
2126 1707 2440 1766 Primores

529 1819 869 1865 castrorum
910 1825 1138 1865 nomen
1184 1815 1369 1884 atque
1411 1805 1712 1883 imagines
1741 1805 1987 1864 Vitellii
2030 1804 2437 1878 amoliuntur3

536 1911 785 1962 catenas
817 1901 1121 1961 Caecinae
1158 1904 1330 1980 (nam
1366 1901 1554 1960 etiam
1599 1912 1730 1961 tum
1762 1900 2008 1960 vinctus
2051 1905 2211 1979 erat)
2248 1901 2442 1960 exsol-

535 2006 713 2072 vunt,
764 2008 1065 2077 orantque
1123 2006 1195 2058 ut
1251 2018 1470 2058 causae
1526 2017 1672 2057 suae
1731 1998 2097 2076 deprecator
2152 1997 2397 2058 assistat
2425 2017 2440 2057 τ

536 2105 968 2175 aspernantem
990 2105 1459 2175 tumentemque
1489 2096 1757 2155 lacrimis
1779 2096 2067 2174 fatigant,
2092 2104 2439 2155 extremum

536 2194 859 2265 malorum,
883 2201 980 2251 tot
1003 2191 1325 2251 fortissimi
1349 2193 1463 2252 viri
1485 2192 1819 2271 proditoris
1843 2212 2022 2271 opem
2046 2193 2439 2265 invocantes3

534 2308 680 2348 mox
709 2288 1058 2348 velamenta
1094 2298 1158 2347 et
1199 2288 1428 2348 infulas
1471 2309 1581 2367 pro
1623 2289 1815 2348 muris
1858 2296 2194 2349 ostentant.
2280 2289 2440 2348 Cum

534 2384 849 2445 Antonius
877 2385 1142 2445 inhiberi
1173 2386 1298 2444 tela
1324 2385 1625 2464 jussisset,
1655 2386 1831 2464 signa
1873 2386 2225 2464 aquilasque
2268 2394 2440 2444 extu-

534 2485 698 2558 lere;
751 2493 1056 2543 maestum
1114 2481 1443 2541 inermium
1493 2501 1734 2560 agmen,
1777 2482 2035 2561 dejectis
2089 2482 2155 2540 in
2210 2491 2439 2541 terram

537 2581 750 2654 oculiS,
781 2581 1169 2661 sequebatur.
1256 2578 1798 2639 Circumstiterant
1824 2579 2090 2638 victores
2132 2587 2197 2637 et
2237 2577 2438 2656 primo

536 2680 900 2761 ingerebant
928 2679 1171 2760 probra,
1204 2675 1600 2736 intentabant
1630 2675 1824 2735 ictus:
1868 2694 2030 2749 mox,
2057 2684 2129 2734 ut
2157 2674 2437 2753 praeberi

535 2799 643 2840 ora
696 2778 1106 2852 contumeliis,
1146 2787 1209 2837 et
1265 2774 1471 2856 posita
1518 2772 1689 2832 omni
1737 2771 1970 2831 ferocia
2017 2781 2243 2830 cuncta
2288 2770 2441 2830 victi

536 2875 952 2955 patiebantur,
983 2874 1148 2934 subit
1192 2872 1542 2933 recordatio
1585 2869 1725 2929 illos
1767 2888 1897 2928 esse
1941 2868 2045 2948 qui
2086 2887 2282 2945 nuper
2324 2866 2439 2925 Be-

539 2973 730 3032 driaci
774 2972 1069 3032 victoriae
1111 2977 1580 3049 temperassent.
1669 2966 1792 3026 Sed
1823 2964 1929 3024 ubi
1962 2964 2227 3025 Caecina
2267 2982 2439 3042 prae-

537 3078 712 3129 texta
725 3069 1163 3147 lictoribusque
1182 3066 1458 3145 insignis,
1477 3065 1717 3125 dimota
1730 3062 1928 3135 turba,
1944 3061 2156 3120 consul
2170 3059 2441 3132 incessit,

540 3185 820 3225 exarsere
843 3165 1145 3236 victores3
1175 3162 1523 3241 superbiam
1554 3160 1999 3236 saevitiamque
2027 3157 2211 3235 (adeo
2240 3154 2442 3214 invisa

538 3262 788 3332 scelera,
821 3265 1016 3340 sunt),
1075 3260 1260 3319 etiam
1316 3258 1639 3337 perfidiam
1693 3255 2134 3338 objectabant:
2197 3251 2444 3312 obstitit

540 3358 855 3419 Antonius
900 3359 1184 3436 datisque
1235 3355 1664 3415 defensoribus
1721 3354 1801 3413 ad
1852 3350 2307 3431 Vespasianum
2356 3347 2447 3407 di·-

540 3453 730 3514 misit.

626 3550 722 3606 32.
778 3547 966 3609 Plebs
993 3547 1243 3608 interim
1273 3545 1781 3607 Cremonensium
1812 3545 1974 3605 inter
2004 3553 2274 3604 armatos
2304 3561 2446 3602 con·
