2738 4048
378 252 464 319 72

376 1213 437 1260 10

373 1710 432 1755 15

372 2198 436 2242 20

371 2686 434 2734 25

1088 111 1112 133 O

997 261 1390 311 EXCERPTA
1433 260 1859 310 TACITIANA.

484 443 837 505 quanquam
906 422 1115 482 edicto
1183 421 1525 481 monuisset
1592 440 1671 480 ne
1728 421 1865 499 quis
1921 421 2196 500 quietern
2253 423 2388 503 ejus

482 522 877 599 irrumperet,
901 538 1353 597 concursusque
1378 517 1835 596 oppidanorum
1858 517 2162 596 disposito
2184 519 2386 579 milite

482 618 978 697 prohiberentur,
1021 635 1278 693 perosus
1321 625 1531 673 tamen
1594 613 1932 692 municipia
1993 623 2057 673 et
2114 616 2385 675 colonias

485 713 814 792 omniaque
856 712 923 770 in
969 710 1317 770 continenti
1366 710 1505 782 sita,
1553 710 1822 787 Capreas
1877 729 1942 769 se
1997 710 2064 769 in
2119 711 2385 771 insulam

483 810 748 882 abdidit,
797 808 986 867 trium
1041 807 1282 865 milium
1320 806 1485 865 freto
1543 806 1620 865 ab
1677 806 1973 866 extremis
2034 807 2385 867 Surrentini

482 904 891 986 promontorii
935 903 1334 983 disjunctam.
1422 903 1837 963 Solitudinem
1894 904 2030 984 ejus
2079 904 2382 982 placuisse

481 1003 751 1061 maxime
796 1000 1187 1072 crediderim,
1216 999 1510 1078 quoniam
1538 999 1992 1077 importuosum
2020 1000 2185 1060 circa
2211 1021 2383 1061 mare

482 1111 548 1160 et
574 1099 682 1160 vix
709 1097 971 1157 modicis
993 1096 1257 1176 navigiis
1278 1115 1477 1175 pauca
1504 1096 1811 1171 subsidia3
1839 1116 2039 1175 neque
2070 1098 2394 1176 appulerit,

480 1198 807 1278 quisquam
840 1195 960 1254 nisi
999 1215 1197 1275 gnaro
1228 1195 1506 1254 custode.
1591 1194 1762 1253 Caeli
1803 1195 2138 1273 temperies
2178 1195 2381 1256 hieme

478 1295 651 1354 mitis
693 1294 943 1373 objectu
985 1293 1236 1366 montiS,
1278 1313 1400 1372 quo
1446 1312 1631 1353 saeva
1679 1302 2012 1353 ventorum
2056 1307 2383 1375 arcentur3

482 1402 682 1453 aestas
725 1392 792 1451 in
847 1372 1173 1450 favonium
1213 1390 1475 1450 obversa
1514 1399 1580 1451 et
1622 1400 1841 1470 aperto
1883 1392 2117 1454 circum
2157 1395 2381 1476 pelago

478 1517 884 1580 peramoena3
925 1494 1486 1575 prospectabatque
1516 1494 2002 1575 pulcherrimum
2031 1495 2251 1570 sinum,
2282 1516 2385 1556 an-

479 1606 734 1676 tequam
760 1592 1075 1654 Vesuvius
1102 1611 1281 1651 mons
1310 1592 1638 1650 ardescens
1666 1590 1891 1650 faciem
1930 1592 2052 1651 loci
2085 1603 2381 1654 verteret.

476 1694 746 1756 Graecos
802 1716 877 1756 ea
943 1694 1215 1756 tenuisse
1274 1694 1665 1772 Capreasque
1723 1692 2013 1752 Telebois
2065 1692 2380 1754 habitatas

478 1794 647 1854 fama
700 1794 914 1854 tradit.
1000 1793 1126 1855 Sed
1175 1800 1311 1852 tum
1362 1789 1648 1850 Tiberius
1703 1788 2037 1849 duodecim
2089 1789 2383 1850 villarum

479 1892 833 1952 nominibus
864 1900 928 1950 et
963 1891 1231 1951 molibus
1271 1888 1604 1961 insederat,
1634 1894 1867 1967 quanto
1909 1884 2187 1947 intentus
2229 1887 2381 1947 olim

478 1989 757 2069 publicas
788 1988 868 2048 ad
896 2007 1092 2063 curas,
1121 1997 1298 2049 tanto
1330 1986 1697 2047 occultiores
1724 1986 1791 2046 in
1818 1986 2002 2047 luxus
2044 1994 2108 2047 et
2149 1987 2382 2047 malum

480 2086 683 2145 otium
720 2086 1044 2145 resolutus.
1128 2085 1430 2145 Manebat
1459 2085 1689 2164 quippe
1719 2083 2132 2162 suspitionum
2162 2093 2226 2145 et
2256 2105 2383 2145 cre·

479 2181 673 2240 dendi
713 2182 1052 2255 temeritaS,
1083 2201 1268 2260 quam
1313 2183 1576 2262 Sejanus
1619 2199 1844 2259 augere
1888 2180 2080 2240 etiam
2119 2181 2185 2240 in
2227 2182 2380 2241 urbe

480 2292 694 2343 suetus
750 2283 950 2343 acrius
1005 2284 1314 2357 turbabat,
1364 2305 1490 2344 non
1544 2286 1676 2364 jam
1731 2283 1993 2343 occultis
2048 2283 2382 2342 adversum

479 2379 900 2459 Agrippinam
928 2388 993 2439 et
1020 2380 1339 2440 Neronem
1367 2381 1629 2441 insidiis,
1715 2380 1870 2452 Quis
1912 2380 2162 2439 additus
2202 2379 2379 2438 miles

478 2478 750 2553 nuntios»,
792 2476 1104 2552 introituS,
1134 2488 1367 2557 aperta,
1398 2488 1638 2538 secreta
1677 2479 1851 2538 velut
1890 2477 1956 2536 in
2000 2477 2252 2536 annales
2293 2497 2383 2536 re-

478 2576 753 2651 serebat3
794 2577 1084 2656 ultroque
1126 2576 1525 2636 struebantur
1553 2575 1659 2654 qui
1686 2583 2016 2634 monerent
2049 2573 2378 2653 perfugere

478 2674 559 2733 ad
597 2673 967 2733 Germaniae
1010 2673 1334 2745 exercitus,
1363 2672 1466 2732 vel
1508 2670 1909 2731 celeberrimo
1951 2670 2069 2729 fori
2112 2670 2379 2748 effigiem

478 2769 611 2830 divi
639 2769 912 2849 Augusti
941 2769 1250 2849 amplecti,
1280 2769 1702 2848 populumque
1733 2787 1804 2828 ac
1833 2777 2117 2827 senatum
2147 2766 2376 2826 auxilio

477 2887 724 2928 vocare.
806 2866 1022 2954 anue
1052 2878 1258 2947 spreta
1299 2867 1377 2927 ab
1419 2866 1558 2941 illis,
1587 2868 1763 2927 velut
1790 2867 2099 2945 pararent,
2131 2863 2381 2944 objicie-

476 2964 722 3026 bantur.
1644 2969 1650 2974 ’
