2738 4048
752 265 1156 317 ANNALIUM
1200 268 1421 317 LIBER
1466 269 1765 321 PRIMUS.

264 427 403 488 dit?
457 443 641 506 quem
684 423 938 486 missum
982 426 1061 485 ad
1102 446 1215 487 vos
1257 446 1294 487 a
1336 426 1709 489 Germanico
1759 429 2038 492 exercitu
2087 432 2167 492 de

263 523 694 585 communibus
743 523 1082 584 commodis
1131 533 1316 584 nocte
1359 526 1646 604 proxima
1697 527 2015 608 jugulavit
2056 549 2168 608 per

261 621 828 700 gladiatoressuos,
860 639 1011 698 quos
1039 620 1102 679 in
1133 621 1397 680 exitium
1434 623 1709 682 militum
1749 624 1940 684 habet
1983 635 2168 705 atque

265 726 484 777 armat.
568 716 921 795 Responde,
965 717 1206 791 Blaese,
1250 718 1355 776 ubi
1399 720 1668 778 cadaver
1709 719 2042 800 abjeceris:
2091 744 2170 784 ne

262 815 474 873 hostes
504 813 757 892 quidem
799 814 1118 891 sepultura
1158 814 1467 875 invident.
1551 815 1710 876 Cum
1752 820 1997 894 osculis,
2028 840 2170 881 cum

264 910 533 970 lacrimis
554 910 831 969 dolorem
853 930 1063 969 meum
1090 910 1448 990 implevem,
1471 932 1572 971 me
1597 933 1841 994 quoque
1870 916 2171 978 trucidari

258 1007 429 1086 jube,
460 1006 610 1065 dum
637 1006 1004 1066 interfectos
1041 1008 1281 1066 nullum
1309 1008 1390 1068 ob
1420 1010 1640 1083 scelus,
1669 1013 1780 1072 sed
1823 1014 1969 1092 quia
2009 1013 2173 1074 utili-

265 1103 386 1164 tati
412 1103 729 1182 legionum
757 1103 1246 1177 consulebamuS,
1275 1105 1341 1164 hi
1371 1107 1710 1184 sepeliant.'

375 1201 471 1259 23.
553 1198 939 1259 Incendebat
964 1199 1119 1259 haec
1147 1201 1299 1260 fletu
1329 1211 1396 1262 et
1422 1213 1641 1282 pectus
1671 1214 1855 1285 atque
1884 1226 1953 1267 os
1981 1206 2172 1266 mani-

264 1298 381 1358 bus
429 1295 786 1356 verberans
869 1296 1025 1356 Mox
1073 1296 1349 1378 disjectis
1401 1310 1663 1380 quorum
1717 1323 1829 1382 per
1877 1304 2172 1366 humeros

267 1393 707 1465 sustinebatur,
736 1412 1035 1472 praeceps
1077 1405 1143 1454 et
1185 1396 1572 1476 singulorum
1613 1400 1878 1479 pedibus
1920 1402 2174 1462 advolu-

267 1500 369 1550 tus
392 1499 638 1549 tantum
659 1491 1180 1552 consternationis
1202 1493 1597 1575 invidiaeque
1620 1497 1914 1572 concivit,
1936 1509 2007 1559 ut
2029 1519 2173 1579 pars

266 1586 537 1647 militum
584 1586 965 1665 gladiatores
1015 1590 1121 1667 qui
1165 1609 1199 1651 e
1245 1592 1502 1652 servitio
1532 1593 1741 1653 Blaesi
1786 1604 1981 1669 erant,
2026 1615 2170 1674 pars

267 1693 540 1744 ceteram
582 1683 864 1763 ejusdem
906 1685 1202 1746 familiam
1243 1688 1575 1763 vincirent,
1612 1689 1718 1748 alii
1759 1691 1839 1750 ad
1883 1711 2173 1770 quaeren-

269 1781 421 1841 dum
451 1800 673 1860 corpus
704 1780 1195 1845 effunderentur.
1277 1786 1381 1846 Ac
1409 1786 1472 1844 ni
1500 1806 1764 1865 propere
1806 1806 2006 1867 neque
2048 1808 2175 1848 cor-

268 1898 386 1957 pus
428 1878 623 1937 ullum
658 1880 934 1959 reperiri,
967 1893 1031 1943 et
1076 1903 1285 1943 servos
1325 1883 1624 1943 adhibitis
1660 1882 2032 1944 cruciatibus
2074 1885 2173 1944 ab·

267 1999 461 2042 nuere
493 1981 766 2055 caedem,
797 2001 998 2063 neque
1029 1981 1120 2042 illi
1147 1980 1337 2041 fuisse
1365 2000 1639 2060 unquam
1668 1980 1929 2041 fratrem
1957 2001 2175 2061 perno-

268 2080 510 2154 tuisset,
529 2081 695 2141 haud
719 2082 983 2141 multum
1004 2081 1089 2169 ab
1099 2078 1291 2138 exitio
1313 2077 1507 2157 legati
1531 2078 1809 2138 aberant.
1868 2078 2177 2141 Tribunos

268 2185 481 2238 tamen
537 2197 608 2237 ac
670 2166 1058 2257 praefectum
1115 2185 1457 2236 castrorum
1513 2184 1852 2248 extrusere,
1898 2176 2173 2237 sarcinae

268 2275 648 2354 fugientium
695 2277 999 2356 direptae,
1041 2284 1106 2335 et
1148 2274 1429 2335 centurio
1468 2271 1741 2333 Lucilius
1783 2272 2173 2348 interficitur,

272 2373 373 2432 cui
400 2373 773 2434 militaribus
804 2373 1047 2434 facetiis
1075 2372 1449 2432 vocabulum
1478 2370 1666 2430 ‘cedo
1696 2370 1955 2430 alteram
1974 2369 1990 2398 ’
2018 2370 2177 2430 indi-

275 2469 516 2544 derant,
548 2472 694 2550 quia
720 2471 922 2531 fracta
947 2471 1078 2531 vite
1118 2470 1183 2529 in
1219 2479 1400 2549 tergo
1442 2468 1680 2541 militis,
1710 2469 1971 2528 alteram
2012 2468 2178 2528 clara

269 2585 427 2626 voce
458 2586 528 2627 ac
559 2588 770 2628 rursus
810 2567 992 2627 aliam
1030 2566 1348 2646 poscebat.
1434 2565 1690 2625 Ceteros
1733 2564 2007 2624 latebrae
2049 2572 2180 2624 tex-

273 2682 396 2735 ere,
411 2684 536 2724 uno
559 2674 804 2724 retento
825 2664 1145 2724 Clemente
1165 2663 1208 2725 J
1214 2665 1357 2737 ulio,
1375 2662 1481 2742 qui
1500 2661 1884 2741 perferendis
1905 2660 2178 2720 militum

270 2760 583 2823 mandatis
627 2760 970 2821 habebatur
1012 2761 1275 2821 idoneus
1314 2761 1397 2820 ob
1437 2767 1798 2839 promptum
1835 2756 2174 2838 ingenium.

274 2857 443 2929 Quin
474 2858 643 2937 ipsae
673 2859 837 2918 inter
865 2879 929 2919 se
962 2859 1238 2938 legiones
1281 2867 1508 2918 octava
1550 2866 1614 2917 et
1657 2856 1874 2936 quinta
1914 2856 2177 2915 decuma

2186 253 2272 319 43

2213 739 2275 785 10

2218 2093 2282 2140 10

2218 2578 2281 2625 15

270 2954 510 3014 ferrum
549 2956 871 3034 parabant,
901 2956 1051 3015 dum
1078 2955 1511 3015 centurionem
1542 2963 1956 3035 cognomento
1988 2952 2176 3030 Sirpi·
2268 2981 2280 3000 ι

272 3070 416 3110 cum
458 3052 566 3110 illa
613 3052 802 3112 morti
842 3052 1142 3131 deposcit,
1186 3052 1739 3132 quintadecumani
1794 3058 2070 3122 tuentur,
2111 3048 2178 3108 ni

271 3149 450 3208 miles
491 3169 771 3209 nonanus
810 3169 1023 3229 preces
1066 3159 1131 3209 et
1174 3150 1509 3209 adversum
1553 3148 1939 3228 aspernantis
1979 3147 2179 3207 minas

272 3245 710 3326 interjecisset.

2219 3064 2283 3109 20

384 3344 480 3402 24.
563 3343 739 3402 Haec
780 3342 995 3403 audita
1035 3363 1389 3423 quanquam
1435 3343 1784 3402 abstrusum
1840 3352 1905 3404 et
1960 3341 2179 3403 tristis-
2227 3385 2238 3420 ι,

274 3438 432 3499 sima
453 3458 730 3519 quaeque
752 3440 1022 3500 maxime
1046 3441 1469 3501 occultantem
1487 3439 1807 3499 Tiberium
1828 3442 2177 3520 perpulere,

274 3543 348 3596 ut
376 3535 654 3596 Drusum
679 3536 877 3598 filium
907 3557 1048 3596 cum
1083 3537 1461 3616 primoribus
1502 3536 1775 3597 civitatis
1817 3538 2178 3617 duabusque
