2738 4048
763 331 769 335 .
832 288 1357 337 HISTORIARUM
1402 290 1620 336 LIBER
1663 290 1954 338 PRIMUS.

384 448 709 528 Philippos
758 457 821 507 et
863 447 1182 507 Perusiam
1226 467 1296 508 ac
1338 446 1668 520 Mutinam,
1710 458 1862 507 nota
1903 448 2287 527 publicarum

384 547 651 606 cladium
695 545 962 617 nomina,
994 545 1421 623 loquebantur.
1504 545 1712 623 Prope
1742 565 2024 605 eversum
2054 548 2284 620 orbem,

385 644 569 703 etiam
614 663 755 702 cum
797 643 888 720 de,
919 642 1262 720 principatu
1317 642 1482 701 inter
1522 641 1717 701 bonos
1773 652 2130 716 certaretur,
2175 645 2286 703 sed

383 740 677 800 mansisse
714 740 866 800 Caio
893 739 933 799 J
941 739 1081 811 ulio,
1112 739 1405 798 mansisse
1437 740 1699 799 Caesare
1728 740 2019 818 Augusto
2049 741 2286 800 victore

384 836 748 915 imperiun13
804 855 1152 895 mansuram
1207 836 1397 895 fuisse
1453 836 1566 895 sub
1617 836 1918 914 Pompeio
1967 836 2287 917 Brutoque

385 933 858 1013 rempublicam:
890 953 1052 992 nunc
1080 952 1193 1011 pro
1224 932 1475 992 Othone
1507 952 1585 991 an
1614 952 1726 1011 pro
1755 932 2016 992 Vitellio
2047 934 2109 992 in
2140 945 2291 994 tem-

384 1032 490 1111 pla
516 1031 755 1089 ituros?
798 1040 1084 1108 utrasque
1116 1029 1335 1109 impias
1364 1050 1591 1109 preceS,
1623 1040 1882 1109 utraque
1914 1031 2289 1091 detestanda

385 1137 536 1187 vota
562 1127 723 1186 inter
751 1127 924 1199 duos,
956 1147 1214 1205 quorum
1244 1126 1409 1186 bello
1448 1128 1647 1186 solum
1690 1126 1752 1185 id
1798 1126 2000 1200 scireS‚
2032 1127 2293 1189 deterio-

384 1245 521 1284 rem
547 1224 681 1283 fore
713 1223 820 1302 qui
847 1222 1111 1283 vicisset.
1181 1222 1379 1282 Erant
1410 1223 1515 1302 qui
1546 1223 1999 1301 Vespasianum
2028 1234 2092 1283 et
2122 1244 2291 1284 arma

388 1323 640 1382 orientis
683 1331 1162 1399 augurarentur3
1205 1330 1269 1379 et
1310 1331 1382 1379 ut
1423 1320 1629 1398 potior
1668 1331 1934 1398 utroque
1965 1320 2291 1399 Vespasiae

385 1439 519 1492 nus,
551 1419 638 1478 ita
665 1418 894 1478 bellum
925 1418 1092 1477 aliud
1124 1428 1307 1497 atque
1340 1418 1489 1477 alias
1520 1416 1725 1477 clades
1748 1417 2121 1491 horrebant.
2203 1417 2289 1478 Et

388 1515 672 1594 ambigua
695 1516 772 1574 de
795 1515 1177 1594 Vespasiano
1206 1515 1401 1590 fama3
1432 1516 1716 1595 solusque
1746 1514 2020 1574 omnium
2050 1524 2194 1574 ante
2225 1535 2287 1574 se

385 1613 730 1693 principum
760 1613 820 1671 in
853 1614 1071 1672 melius
1099 1623 1375 1679 mutatus
1405 1622 1517 1671 est.

469 1710 559 1768 51.
630 1709 693 1768 N
701 1730 818 1770 unc
866 1709 1042 1768 initia
1094 1729 1428 1788 causasque
1486 1717 1692 1767 motus
1736 1708 2063 1768 Vitelliani
2112 1729 2292 1787 expe-

388 1806 572 1866 diam.
657 1807 851 1866 Caeso
880 1826 1018 1866 cum
1051 1806 1336 1865 omnibus
1380 1806 1572 1884 copiis
1599 1805 1641 1865 J
1646 1806 1770 1865 ulio
1803 1805 2089 1879 Vindice,
2116 1807 2289 1866 ferox

386 1905 615 1983 praeda
635 1903 950 1982 gloriaque
976 1903 1300 1976 exercitUS‚
1323 1911 1394 1962 ut
1417 1902 1515 1962 eui
1538 1903 1667 1961 sine
1691 1903 1900 1962 labore
1925 1924 1995 1963 ac
2016 1903 2289 1983 periculo

388 2001 676 2062 ditissimi
697 2001 840 2061 belli
863 2001 1123 2062 victoria
1152 2001 1479 2075 evenisset,
1505 2000 1960 2081 expeditionem
1988 2013 2051 2062 et
2076 2002 2289 2078 aciem,

386 2100 660 2180 praemia
687 2120 870 2179 quam
900 2099 1211 2180 stipendia
1238 2100 1529 2160 malebat.
1597 2099 1726 2159 Diu
1755 2100 2193 2162 infructuosam
2224 2112 2289 2162 et
2338 2103 2345 2106 ’

390 2218 666 2277 asperam
696 2198 982 2258 militiam
1009 2199 1429 2258 toleraverant
1457 2197 1708 2277 ingenio
1747 2198 1868 2276 loci
1911 2199 2185 2279 caelique
2226 2210 2291 2259 et

388 2296 717 2368 severitate
760 2295 1137 2376 disciplinae,
1167 2315 1352 2374 quam
1395 2295 1455 2353 in
1500 2315 1650 2374 paee
1678 2295 2131 2356 inexorabilem
2175 2296 2292 2355 dis-

389 2393 631 2452 cordiae
651 2393 875 2452 civium
898 2395 1231 2465 resolvunt,
1252 2393 1483 2472 paratis
1503 2393 1810 2473 utrimque
1832 2394 2290 2474 corruptoribus

390 2498 454 2549 et
481 2490 736 2570 perfidia
761 2490 1087 2570 impunita.
1172 2490 1333 2563 Viri,
1366 2509 1551 2562 arma,
1584 2491 1725 2569 equi
1769 2491 1847 2548 ad
1885 2511 2063 2549 usum
2105 2501 2168 2549 et
2211 2490 2287 2549 ad

388 2588 577 2647 decus
606 2597 983 2666 supererant.
1069 2587 1193 2646 Sed
1237 2596 1380 2647 ante
1419 2587 1647 2647 bellum
1693 2587 1999 2646 centurias
2042 2595 2287 2646 tantum

388 2709 527 2748 suas
546 2699 898 2768 turmasque
918 2698 1218 2747 noverant
1234 2708 1247 2759 ;
1272 2687 1576 2746 exercitus
1593 2686 1816 2745 finibus
1835 2684 2289 2764 provinciarum

389 2785 925 2845 discernebantur:
995 2796 1127 2845 tum
1198 2785 1493 2844 adversus
1548 2781 1879 2842 Vindicem
1937 2792 2289 2842 contractae

386 2882 679 2961 legiones,
722 2901 908 2963 seque
951 2892 1015 2941 et
1057 2881 1288 2941 Gallias
1342 2890 1653 2960 expertae,
1698 2899 1990 2959 quaerere
2044 2898 2291 2939 rursum

389 2999 559 3038 arma
612 2998 925 3058 novasque
977 2978 1350 3052 discordias3
1408 2998 1524 3038 nec
1579 2977 1793 3050 socios,
1837 2985 1908 3035 ut
1965 2976 2130 3048 olim,
2179 2976 2290 3035 sed

387 3076 595 3136 hostes
625 3085 688 3136 et
717 3077 914 3136 victos
943 3075 1266 3135 vocabant.
1351 3074 1488 3133 Nec
1517 3074 1730 3133 deerat
1758 3093 1897 3152 pars
1926 3072 2287 3145 Galliarum,

390 3191 545 3250 quae
597 3172 890 3232 Rhenum
935 3171 1174 3245 accolit,
1218 3172 1468 3230 easdem
1517 3179 1725 3249 partes
1774 3178 1985 3229 secuta
2038 3188 2109 3228 ac
2154 3177 2287 3227 tum

390 3269 686 3328 acerrima
734 3269 1088 3348 instigatrix
1145 3268 1473 3328 adversum
1525 3266 1901 3327 Galbianos:
1956 3267 2075 3325 hoc
2125 3265 2289 3324 enim

390 3383 633 3439 nornen,
661 3366 944 3426 fastidito
973 3365 1263 3439 Vindice,
1293 3364 1668 3423 indiderant.
1753 3362 1956 3441 Igitur
1986 3362 2288 3441 Sequanis

389 3462 748 3543 Aeduisque
779 3483 850 3522 ac
879 3462 1123 3535 deinde,
1152 3472 1334 3541 prout
1378 3460 1694 3540 opulentia
1736 3460 2095 3536 civitatibus
2137 3468 2287 3532 erat,

2310 272 2393 339 87

2330 658 2391 704 15

2332 1143 2394 1189 20

2331 1627 2394 1672 25

2335 2601 2396 2646 10

2332 3087 2394 3131 15
2450 3061 2457 3070 ,.

388 3559 631 3633 infensi,
674 3558 1165 3639 expugnationes
1206 3559 1472 3631 urbium,
1502 3556 1936 3637 populationes
1980 3576 2287 3637 agrorum,
2330 3570 2394 3615 20
