2738 4048
391 220 515 286 146
978 234 1373 283 EXOERPTA
1415 233 1848 283 TACITIANA.

493 412 686 474 prope
710 392 997 452 universa
1024 402 1231 472 gente,
1253 414 1377 453 non
1408 393 1660 472 ignarus
1687 381 2049 453 instandum
2077 392 2283 453 famae
2314 414 2410 468 ac,

491 501 679 570 prout
721 489 921 568 prima
965 490 1305 562 cessissent,
1349 499 1655 549 terrorem
1698 490 1923 550 ceteris
1963 491 2113 563 fore,
2144 490 2409 560 Monam

491 588 771 659 insulam,
802 607 843 645 α
886 588 1063 665 cujus
1106 587 1488 664 possessione
1533 597 1892 647 revocatum
1935 586 2270 646 Paulinum
2314 607 2410 647 re-

385 700 449 746 20
489 686 759 745 bellione
790 684 983 742 totius
1017 683 1378 742 Britanniae
1408 703 1594 762 supra
1622 683 1983 756 memoravi,
2015 684 2296 762 redigere
2336 685 2406 743 in

385 1183 448 1229 25

384 1668 445 1714 30

331 2827 441 2876 ‘lo

377 3313 438 3359 15

492 790 868 862 potestatem
900 780 1106 839 animo
1136 780 1429 840 intendit.
1516 780 1641 839 Sed
1672 785 1744 839 ut
1773 780 1837 839 in
1868 780 2086 840 subitis
2129 779 2407 840 consiliis

493 899 682 937 naves
726 879 1020 936 deerant:
1079 877 1236 935 ratio
1283 885 1347 935 et
1405 876 1757 936 constantia
1813 875 1986 936 ducis
2031 877 2401 936 transvexit.

493 975 812 1053 Depositis
842 974 1128 1033 omnibus
1159 974 1414 1033 sarcinis
1444 974 1810 1033 lectissimos
1840 973 2245 1046 auxiliarium,
2271 973 2405 1052 qui-

492 1072 607 1131 bus
635 1081 786 1132 nota
813 1073 977 1132 vada
1005 1082 1069 1132 et
1097 1071 1385 1151 proprius
1416 1071 1607 1130 nandi
1639 1091 1803 1144 usuS,
1834 1090 1956 1149 quo
1985 1070 2165 1130 simul
2209 1090 2403 1150 seque

492 1179 555 1230 et
585 1189 753 1229 arma
783 1180 847 1229 et
877 1190 1065 1250 equos
1095 1179 1337 1248 regunt,
1368 1168 1460 1227 ita
1488 1179 1745 1246 repente
1775 1168 2047 1241 immisit,
2081 1177 2150 1228 ut
2194 1168 2404 1227 obstu-

492 1267 722 1347 pefacti
750 1269 976 1340 hosteS,
1008 1268 1111 1346 qui
1141 1268 1417 1339 classem,
1448 1265 1553 1344 qui
1584 1284 1793 1337 naves,
1825 1265 1930 1343 qui
1971 1284 2140 1323 mare
2182 1284 2403 1343 expec-

493 1365 727 1437 tabant,
766 1365 917 1422 nihil
962 1365 1221 1422 arduum
1267 1372 1376 1423 aut
1418 1362 1724 1421 invictum
1765 1361 2146 1421 crediderint
2187 1361 2275 1421 sic
2319 1362 2402 1421 ad

495 1461 719 1519 bellum
750 1462 1161 1521 venientibus,
1247 1459 1349 1519 Ita
1391 1460 1592 1539 petita
1633 1477 1784 1537 pace
1828 1478 1900 1518 ac
1941 1458 2156 1518 dedita
2196 1458 2403 1518 insula

494 1558 691 1617 clarus
737 1578 807 1617 ac
851 1578 1112 1636 magnus
1157 1556 1373 1616 haberi
1415 1556 1732 1635 Agricola,
1777 1556 2004 1635 quippe
2053 1556 2155 1615 cui
2201 1554 2404 1635 ingre-

488 1655 682 1714 dienti
726 1655 1125 1733 provinciam,
1157 1654 1323 1733 quod
1356 1664 1600 1732 tempus
1630 1653 1733 1711 alii
1763 1672 1874 1732 per
1905 1652 2394 1713 ostentationem

493 1760 557 1811 et
599 1752 936 1810 officiorum
981 1751 1281 1811 ambitum
1322 1751 1697 1829 transigunt,
1727 1750 1902 1810 labor
1944 1758 2009 1811 et
2050 1749 2401 1830 periculum

490 1847 840 1927 placuisset.

576 1947 669 2003 19.
741 1946 1029 2003 Ceterum
1075 1946 1419 2005 animorum
1461 1945 1817 2024 provinciae
1860 1944 2150 2024 prudenS,
2194 1945 2401 2004 simul-

491 2061 608 2119 que
640 2042 859 2100 doctus
883 2062 994 2119 per
1018 2042 1216 2100 aliena
1240 2044 1666 2121 experimenta
1694 2063 1913 2122 parum
1942 2043 2158 2123 profici
2191 2045 2397 2118 armis,

490 2138 542 2195 si
596 2137 859 2215 injuriae
911 2148 1326 2215 sequerentur,
1372 2159 1585 2200 causas
1626 2141 1933 2200 bellorum
1976 2141 2198 2201 statuit
2239 2141 2401 2200 exci-

491 2233 653 2292 dere.
739 2232 801 2291 A
831 2253 893 2291 se
926 2234 1169 2312 suisque
1200 2255 1373 2295 orsus
1402 2237 1672 2315 primum
1716 2239 1970 2298 domum
2013 2257 2189 2298 suam
2232 2257 2400 2297 coer-

488 2330 635 2401 cuit,
667 2331 842 2407 quod
860 2330 1166 2410 plerisque
1196 2333 1361 2392 haud
1391 2335 1596 2394 minus
1626 2337 1889 2395 arduum
1919 2346 2014 2395 est
2043 2356 2227 2415 quam
2257 2355 2399 2414 pro-

486 2426 757 2487 vinciam
799 2447 1034 2506 regere.
1119 2429 1296 2488 Nihil
1326 2451 1436 2509 per
1466 2433 1721 2492 libertos
1752 2452 2083 2511 servosque
2111 2432 2397 2511 publicae

486 2525 594 2598 rei,
636 2545 762 2584 non
806 2525 1029 2585 studiis
1087 2527 1344 2604 privatis
1402 2549 1517 2589 nec
1567 2549 1644 2588 ex
1690 2530 2230 2589 commendatione
2286 2539 2399 2589 aut

485 2623 770 2702 precibus
814 2623 1237 2683 centurionem
1279 2625 1587 2684 militesve
1633 2627 1890 2700 adscire,
1933 2627 2041 2686 sed
2084 2626 2397 2706 optimum

487 2741 792 2799 quemque
823 2720 1186 2779 fidissimum
1218 2732 1458 2801 putare.
1545 2722 1771 2782 Omnia
1812 2723 1987 2796 scire,
2018 2743 2141 2782 non
2185 2723 2398 2782 omnia

483 2817 771 2896 exsequi:
829 2817 1035 2894 parvis
1079 2819 1350 2897 peccatis
1395 2819 1664 2892 veniam,
1709 2820 1950 2898 magnis
1992 2820 2395 2879 severitatem

485 2914 914 2987 commodare3
944 2934 1057 2974 nec
1087 2935 1287 2993 poena
1316 2935 1578 2993 semper,
1603 2917 1709 2974 sed
1735 2917 1976 2995 saepius
1998 2915 2396 2995 poenitentia

483 3021 813 3070 contentus
837 3031 967 3071 esse
989 3033 1004 3086 3
1035 3013 1247 3071 officiis
1277 3022 1340 3071 et
1371 3012 2012 3073 administrationibus
2035 3013 2241 3091 potius
2264 3033 2390 3073 non

482 3119 846 3186 peccaturos
877 3129 1271 3188 praeponere,
1303 3130 1483 3190 quam
1518 3111 1812 3169 damnare
1842 3130 1983 3169 cum
2012 3119 2392 3189 peccassent.

484 3202 811 3266 Frumenti
850 3216 915 3266 et
956 3207 1333 3265 tributorum
1365 3207 1751 3266 exactionem
1781 3207 2153 3287 aequalitate
2185 3226 2395 3266 mune-

479 3320 618 3360 rum
647 3305 908 3377 mollire,
939 3303 1313 3363 circumcisis
1346 3323 1501 3383 quae
1531 3304 1595 3363 in
1626 3298 1950 3383 quaestum
1977 3313 2226 3384 reperta
2253 3303 2392 3383 ipso

483 3400 717 3459 tributo
747 3401 998 3479 gravius
1028 3400 1470 3460 tolerabantur.

565 3498 660 3555 29.
720 3496 909 3556 Initio
940 3498 1191 3557 aestatis
1223 3497 1520 3576 Agricola
1549 3496 1888 3557 domestico
1917 3499 2174 3557 vulnere
2206 3496 2389 3571 ictuS,
