2738 4048
391 263 519 327 154
973 278 1355 327 ExcEssP'rA
1401 277 1831 327 TAOITIANA.

497 436 716 498 animis
758 437 1101 511 hominum,
1143 438 1208 497 in
1257 436 1625 497 aeternitate
1680 444 2055 515 temporum,
2104 425 2176 496 in
2229 437 2407 500 fama

386 549 450 594 20
490 555 735 610 rerum3
777 555 921 595 nam
960 536 1192 595 multos
1235 544 1522 593 veterum
1563 532 1737 592 velut
1777 532 2074 612 inglorios
2117 544 2182 594 et
2223 534 2408 616 igno-

491 632 647 692 biles
694 632 923 692 oblivio
973 631 1217 691 obruit:
1271 629 1570 710 Agricola
1614 630 1967 710 posteritati
2010 641 2292 695 narratus
2335 644 2405 696 et

494 728 758 789 traditus
801 739 1109 807 superstes
1152 727 1290 787 erit.

471 1413 988 1481 EXCERPTA
1034 1413 1445 1480 DIALOGI
1492 1416 1621 1480 DE
1671 1416 2304 1485 ORATORIBUS.

571 1597 628 1662 5ss
683 1602 850 1662 Nam
890 1602 941 1662 si
981 1603 1059 1662 ad
1089 1602 1427 1661 utilitatem
1458 1603 1626 1663 vitae
1656 1605 1862 1664 omnia
1905 1606 2160 1666 consilia
2200 1607 2396 1684 facta-

489 1718 609 1777 que
652 1709 864 1759 nostra
893 1699 1218 1778 dirigenda
1258 1708 1424 1772 sunt,
1456 1700 1604 1779 quid
1649 1711 1743 1762 est
1784 1702 1982 1767 tutius
2025 1721 2208 1782 quam
2253 1722 2393 1762 eam

490 1815 775 1854 exercere
820 1805 1035 1868 artem,
1065 1816 1186 1875 qua
1228 1815 1471 1875 semper
1513 1808 1784 1858 armatus
1826 1797 2200 1878 praesidium
2244 1800 2392 1859 ami-

490 1891 597 1964 ciS,
629 1912 810 1970 opem
854 1891 1088 1967 alieniS,
1123 1893 1388 1952 salutem
1430 1895 1942 1973 periclitantibus,
1972 1897 2199 1956 invidis
2242 1916 2392 1955 vero

381 2002 411 2048 5
493 1997 556 2048 et
585 1987 849 2048 inimicis
878 1998 1115 2048 metum
1144 1999 1208 2049 et
1236 1998 1539 2051 terrorem
1570 1993 1733 2053 ultro
1763 1993 1942 2067 feras,
1969 1994 2100 2074 ipse
2141 2013 2393 2055 securus

489 2095 553 2146 et
582 2086 757 2146 velut
787 2085 1055 2166 quadam
1086 2097 1391 2164 perpetua
1419 2090 1703 2168 potentia
1745 2110 1815 2150 ac
1856 2101 2168 2170 potestate
2197 2091 2394 2151 muni-

486 2183 633 2242 tus?
690 2183 867 2261 cujus
917 2182 1010 2241 vis
1066 2193 1130 2241 et
1187 2183 1425 2246 utilitas
1481 2188 1663 2247 rebus
1716 2208 2008 2266 prospere
2057 2189 2391 2250 fluentibus

489 2287 749 2349 aliorum
791 2288 1079 2370 perfugio
1123 2300 1187 2350 et
1229 2287 1430 2348 tutela
1470 2286 1876 2364 intelligitur:
1926 2286 2019 2345 sin
2070 2288 2393 2366 proprium

486 2385 829 2464 periculum
871 2387 1197 2468 increpuit,
1240 2407 1366 2446 non
1411 2382 1658 2443 hercule
1707 2383 2000 2449 loricaet
2040 2383 2282 2462 gladius
2324 2384 2391 2443 in

380 2497 439 2541 10
482 2483 614 2543 acie
655 2485 892 2545 firmius
934 2487 1391 2545 munimentum
1421 2501 1607 2562 quam
1636 2499 1741 2539 reo
1772 2488 1836 2538 et
1865 2478 2239 2558 periclitanti
2270 2481 2391 2539 elo-

486 2582 759 2660 quentia,
800 2583 1181 2661 praesidium
1233 2582 1416 2643 simul
1460 2601 1531 2640 ac
1573 2579 1787 2650 telum,
1830 2596 1953 2656 quo
1993 2594 2389 2656 propugnare

484 2677 718 2755 pariter
747 2687 810 2737 et
840 2677 1144 2738 incessere
1173 2679 1303 2739 sive
1332 2679 1396 2738 in
1426 2675 1683 2759 judicio,
1712 2673 1843 2734 sive
1884 2672 1947 2731 in
1992 2682 2231 2744 senatu,
2260 2672 2390 2732 sive

486 2774 652 2852 apud
701 2775 1045 2853 principem
1101 2777 1318 2854 possis.
1407 2775 1577 2846 Quid
1622 2771 1787 2831 aliud
1831 2769 2070 2829 infestis
2111 2769 2392 2848 patribus

484 2891 683 2950 nuper
725 2870 949 2951 Eprius
991 2871 1323 2932 Marcellus
1365 2893 1552 2952 quam
1612 2868 2030 2949 eloquentiam
2073 2886 2245 2926 suam
2291 2887 2394 2945 op-

380 2981 439 3026 15
481 2968 735 3046 posuit?
777 2988 899 3048 qua
940 2968 1252 3029 accinctus
1294 2978 1353 3028 et
1400 2970 1611 3029 minax
1650 2969 1946 3028 disertam
1979 2963 2248 3044 quidem,
2279 2963 2392 3022 sed

485 3064 953 3126 inexercitatam
984 3076 1047 3126 et
1070 3067 1205 3146 ejus
1226 3067 1397 3126 modi
1428 3066 1836 3126 certaminum
1864 3062 2080 3121 rudem
2104 3060 2389 3120 Helvidii

488 3163 853 3240 sapientiam
911 3163 1114 3222 elusit.
1198 3162 1393 3223 Plura
1447 3164 1525 3223 de
1583 3164 1855 3223 utilitate
1908 3181 2030 3220 non
2083 3159 2237 3232 dico,
2289 3157 2390 3216 cui

484 3259 643 3336 parti
699 3259 955 3320 minime
1001 3270 1218 3320 contra
1263 3261 1576 3320 dicturum
1615 3260 1981 3320 ·Maternum
2039 3276 2247 3318 meum
2305 3275 2393 3314 ar-

486 3355 698 3414 bitror.

568 3453 623 3510 6.
692 3453 798 3512 Ad
854 3454 1243 3532 voluptatem
1300 3454 1603 3515 oratoriae
1661 3455 2051 3535 eloquentiae
2121 3462 2393 3525 transeo,

489 3549 666 3625 cujus
706 3551 1064 3626 jucunditas
1097 3571 1224 3609 non
1262 3572 1385 3612 uno
1429 3552 1634 3631 aliquo
1678 3563 2014 3627 momentO,
2045 3553 2154 3614 sed
2200 3550 2393 3612 omni-
