2738 4048
768 262 1160 350 EXCERPTA
1205 301 1432 351 VITAE
1477 300 1923 350 AGRICOLAE.
2221 287 2349 375 149

422 465 518 523 32.
576 462 716 520 ‘An
760 460 1023 519 eandem
1053 458 1353 519 Romanis
1396 459 1461 518 in
1504 460 1666 519 bello
1709 459 2027 533 virtutem,
2057 480 2245 539 quam

335 562 401 620 in
433 580 586 641 pace
615 558 953 630 lasciviam,
984 557 1196 616 adesse
1241 548 1536 617 creditis?
1617 557 1867 616 Nostris
1895 557 1987 615 illi
2017 558 2245 617 dissen-

337 658 611 718 sionibus
662 674 731 714 ac
782 653 1112 713 discordiis
1155 654 1304 713 clari
1346 654 1505 714 vitia
1546 654 1819 713 hostium
1866 653 1930 712 in
1981 654 2246 732 gloriam

337 755 646 815 exercitus
676 752 769 811 sui
799 759 1089 825 vertunt3
1132 770 1317 829 quem
1358 759 1747 810 contractum
1790 770 1867 809 ex
1910 749 2247 811 diversissi-

334 853 454 912 mis
482 851 775 931 gentibus
804 858 875 908 ut
903 847 1211 907 secundae
1254 867 1350 906 res
1393 857 1630 919 tenent,
1660 847 1748 907 ita
1789 847 2084 907 adversae
2128 848 2248 907 dis-

338 952 623 1009 solvent:
664 946 785 1007 nisi
827 945 879 1005 si
923 944 1135 1004 Gallos
1178 952 1242 1002 et
1284 943 1628 1027 Germanos
1671 953 1734 1003 et
1770 944 1993 1023 (pudet
2036 944 2237 1024 dictu)

337 1047 783 1108 Britannorum
813 1044 1159 1123 plerosque,
1190 1042 1337 1102 licet
1381 1041 1793 1100 dominationi
1835 1041 2068 1100 alienae
2113 1062 2246 1101 san-

334 1144 590 1222 guinem
617 1142 1035 1213 commodent,
1060 1138 1295 1198 diutius
1323 1147 1534 1197 tamen
1563 1138 1774 1197 hostes
1796 1156 1982 1216 quam
2010 1158 2242 1211 servos,

335 1242 460 1301 fide
491 1250 555 1301 et
583 1240 815 1300 affectu
843 1238 1042 1299 teneri
1069 1235 1325 1317 putatis.
1407 1234 1616 1293 Metus
1647 1253 1717 1292 ac
1744 1241 1945 1292 terror
1972 1244 2118 1293 sunt
2154 1234 2244 1292 in-

335 1338 514 1398 firma
541 1339 747 1399 vincla
790 1336 1100 1410 caritatis3
1142 1353 1299 1414 quae
1344 1330 1452 1392 ubi
1493 1328 1846 1404 removeris,
1876 1329 1982 1410 qui
2023 1331 2243 1390 timere

338 1435 655 1509 desierint,
711 1436 914 1496 odisse
968 1432 1289 1512 incipient.
1391 1427 1620 1487 Omnia
1675 1425 1972 1487 victoriae
2028 1426 2244 1487 incita»

339 1543 551 1593 menta
573 1552 684 1612 pro
715 1532 893 1592 nobis
921 1541 1097 1591 sunt:
1125 1530 1331 1588 nullae
1354 1527 1676 1592 Romanos
1706 1526 2005 1604 conjuges
2033 1544 2243 1584 accen-

338 1631 514 1704 dunt,
535 1629 688 1689 nulli
717 1638 1006 1708 parentes
1032 1629 1244 1706 fugam
1268 1622 1704 1706 exprobraturi
1732 1630 1875 1681 sunt
1896 1641 1913 1697 3
1942 1631 2050 1682 aut
2072 1623 2243 1683 nulla

339 1728 645 1807 plerisque
674 1726 876 1807 patria
904 1736 1012 1786 aut
1040 1726 1162 1785 alia
1189 1735 1303 1784 est.
1382 1721 1626 1782 Paucos
1655 1738 1934 1794 numero,
1962 1720 2242 1779 locorum

336 1824 616 1904 trepidos
662 1824 1031 1903 ignorantia,
1074 1823 1313 1882 caelum
1353 1822 1558 1901 ipsum
1598 1839 1669 1879 ac
1710 1837 1879 1877 mare
1930 1827 1994 1878 et
2038 1816 2243 1892 silvaS,

337 1921 555 2001 ignota
580 1921 789 1981 omnia
818 1921 1049 1980 circum
1077 1928 1448 1998 spectantes,
1480 1919 1719 1979 clausos
1749 1916 2023 1997 quodam
2048 1916 2239 1977 modo

340 2039 414 2079 ac
440 2018 683 2079 vinctos
711 2018 778 2078 di
804 2017 982 2079 nobis
1011 2017 1422 2078 tradiderunt.
1502 2016 1604 2076 Ne
1647 2028 1881 2078 terreat
1908 2036 2106 2078 vanus
2149 2037 2241 2077 as-

338 2125 556 2197 pectus
585 2126 648 2177 et
676 2111 1042 2195 auri'fulgor
1069 2126 1254 2194 atque
1297 2115 1563 2196 argenti,
1593 2117 1759 2196 quod
1789 2137 1905 2177 nec
1934 2116 2095 2196 tegit
2123 2136 2240 2177 nec

338 2214 641 2273 vulnerat.
723 2213 799 2272 In
852 2212 987 2292 ipsa
1040 2214 1313 2272 hostium
1369 2213 1500 2274 acie
1555 2213 1942 2276 inveniemus
1999 2225 2238 2275 nostras

335 2329 571 2370 manus.
654 2309 1015 2389 Agnoscent
1066 2309 1353 2370 Britanni
1409 2332 1585 2372 suam
1641 2333 1907 2387 causam,
1958 2314 2236 2374 recorda-

334 2407 568 2466 buntur
596 2406 760 2467 Galli
788 2407 1057 2487 priorem
1094 2408 1487 2469 libertatem:
1531 2411 1820 2471 deserent
1862 2411 1998 2471 illos
2041 2410 2232 2471 ceteri

338 2503 648 2579 Germani,
694 2513 824 2564 tam
878 2521 1062 2585 quam
1118 2526 1315 2585 nuper
1369 2507 1556 2586 Usipi
1614 2508 2013 2587 reliquerunt.
2096 2507 2238 2566 Nec

336 2600 662 2680 quicquam
690 2602 854 2662 ultra
881 2602 1267 2663 formidinis:
1308 2624 1508 2664 vacua
1536 2605 1805 2678 castella,
1835 2623 2050 2663 senum
2079 2604 2239 2663 colo-

335 2698 493 2772 niae,
520 2699 685 2759 inter
724 2700 883 2759 male
923 2710 1210 2779 parentes
1252 2711 1317 2762 et
1357 2703 1590 2783 injuste
1633 2702 2008 2780 imperantes
2052 2720 2237 2780 aegra

333 2788 673 2876 municipia
699 2807 764 2858 et
794 2798 1231 2860 discordantia.
1316 2800 1440 2860 Hic
1469 2801 1617 2874 dux,
1645 2799 1748 2859 hic
1777 2799 2083 2858 exercitus
2107 2818 2119 2857 :
2148 2797 2237 2858 ibi

237 2905 240 2908 ’
334 2893 567 2953 tributa
595 2904 659 2954 et
686 2895 939 2956 metalla
980 2907 1043 2958 et
1079 2907 1328 2957 ‘ceterae
1372 2897 2054 2975 servientiumpoenae,
2085 2914 2235 2974 quas

332 2989 397 3048 in
428 2999 747 3051 aeternum
775 2993 1050 3072 perferre
1090 3005 1198 3055 aut
1238 2995 1453 3055 statim
1493 2993 1706 3054 ulcisci
1746 2993 1809 3052 in
1854 2992 1972 3052 hoc
2014 3011 2233 3070 campo

335 3096 446 3146 est.
528 3087 801 3149 Proinde
829 3090 977 3151 ituri
1006 3092 1071 3151 in
1101 3092 1297 3152 aciem
1326 3093 1685 3171 et-majores
1714 3098 1953 3150 vestros
1997 3099 2059 3148 et
2101 3108 2236 3167 pos-

293 3254 296 3255 ,
333 3192 499 3244 teros
529 3186 837 3266 cogitate?

413 3282 506 3341 36.
561 3284 659 3343 Ac
681 3286 884 3364 primo
904 3306 1237 3367 congressu
1254 3286 1494 3345 eminus
1518 3285 1903 3358 certabatur3
1931 3283 2232 3362 simulque

334 3381 701 3455 constantia,
744 3383 925 3443 simul
970 3394 1103 3443 arte
1147 3382 1437 3443 Britanni
1478 3381 1836 3460 ingentibus
1890 3380 2113 3458 gladiis
2170 3389 2233 3440 et

330 3475 622 3539 brevibus
652 3481 839 3540 cetris
880 3481 1135 3541 missilia
1175 3489 1526 3540 nostrorum
1555 3478 1751 3537 vitare
1781 3477 1881 3537 vel
1925 3488 2234 3551 excutere,

333 3582 519 3653 atque
560 3574 677 3655 ipsi
721 3597 1010 3656 magnam
1051 3578 1181 3638 vim
1224 3578 1491 3637 telorum
1534 3574 1996 3655 superfundere,
2034 3574 2235 3634 donec

2320 864 2350 909 ὅ

2286 1346 2348 1391 10

2283 1831 2347 1880 15

2277 2326 2343 2373 20

2276 2811 2341 2858 25
