2738 4048
708 294 1225 344 mstromARUM
1267 296 1490 343 LIBER
1535 297 1867 347 TERTIUS.
2179 280 2308 346 125

295 439 688 526 flictabatur3
741 470 858 512 nec
900 453 1115 530 procul
1163 453 1352 513 caede
1404 454 1680 529 aberant,
1730 475 1872 515 cum
1918 455 2204 535 precibus

297 549 528 608 ducum
557 547 879 627 mitigatus
910 559 1003 609 est
1032 550 1224 610 miles.
1309 549 1396 610 Et
1422 561 1677 612 vocatos
1719 552 1798 611 ad
1841 553 2205 612 concionem

297 645 613 705 Antonius
653 645 1006 723 alloquitur,
1036 646 1359 725 magnifice
1389 647 1673 722 victoreS,
1700 649 1901 708 victos
1944 649 2205 707 clemen-

297 751 410 817 ter,
435 742 514 801 de
539 742 847 802 Cremona
867 741 931 800 in
955 750 1266 801 neutrum.
1325 743 1655 804 Exercitus
1678 754 1924 824 praeter
1951 745 2203 804 insitam

297 839 639 918 praedandi
668 838 1026 917 cupidinem
1053 849 1265 898 vetere
1308 840 1454 899 odio
1497 841 1576 898 ad
1620 841 1929 900 excidium
1960 841 2207 901 Cremo-

297 936 582 996 nensium
622 935 938 996 incubuit:
985 935 1222 1016 juvisse
1263 945 1475 1016 partes
1516 937 1891 997 Vitellianas
1934 937 2203 997 Othonis

301 1053 543 1113 quoque
585 1033 748 1093 bello
798 1032 1246 1106 credebantur3
1299 1052 1447 1091 mox
1502 1033 2066 1093 tertiadecumanos
2123 1033 2205 1092 ad

301 1130 714 1190 extruendum
756 1130 1282 1208 amphitheatrum
1324 1129 1588 1203 relictos,
1620 1138 1690 1189 ut
1732 1138 1877 1188 sunt
1917 1129 2205 1208 procacia

300 1227 572 1286 urbanae
603 1227 797 1305 plebis
838 1226 1110 1305 ingenia,
1141 1224 1568 1304 petulantibus
1599 1225 1826 1304 jurgiis
1867 1225 2206 1284 illuserant.

301 1322 501 1382 Auxit
556 1322 857 1383 invidiam
906 1324 1146 1382 editum
1201 1321 1331 1382 illic
1382 1341 1418 1381 a
1463 1322 1730 1382 Caecina
1782 1320 2204 1400 gladiatorum

302 1420 739 1499 spectaculum,
769 1420 1107 1498 eademque
1148 1438 1360 1480 rursus
1401 1418 1550 1477 belli
1593 1417 1789 1491 sedeS‚
1833 1425 1897 1476 et
1937 1416 2205 1497 praebiti

301 1515 366 1575 in
395 1515 524 1575 acie
553 1516 911 1576 Vitellianis
941 1516 1081 1590 cibi,
1113 1535 1325 1576 caesae
1356 1513 1659 1595 quaedam
1695 1513 1965 1573 feminae
1994 1513 2204 1573 studio

299 1613 571 1692 partium
601 1613 681 1672 ad
709 1613 1013 1691 proelium
1039 1632 1436 1692 progressae3
1478 1620 1724 1690 tempus
1767 1629 2008 1689 quoque
2051 1629 2206 1670 mer-

303 1718 477 1769 catus
506 1708 699 1791 ditem
729 1709 957 1788 alioqui
1000 1710 1308 1769 coloniam
1335 1709 1565 1789 majore
1597 1726 1784 1786 opum
1815 1706 2017 1785 specie
2047 1726 2206 1766 com-

186 1864 196 1872 ,
299 1806 529 1885 plebat.
612 1805 822 1867 Ceteri
863 1807 1051 1866 duces
1091 1806 1157 1865 in
1200 1807 1501 1866 obscuro:
1556 1803 1910 1865 Antonium
1948 1803 2204 1864 fortuna

299 1902 583 1982 famaque
612 1903 886 1962 omnium
914 1903 1109 1963 oculis
1148 1912 1534 1982 exposuerat.
1617 1903 1681 1969 Is
1723 1903 1998 1965 balineas
2040 1903 2205 1964 ablu-

303 1999 463 2059 eudo
493 1999 691 2060 cruori
718 2019 976 2080 propere
1004 1999 1197 2080 petit:
1241 2010 1502 2081 excepta
1534 2011 1658 2063 vox
1701 2010 1813 2076 est,
1844 2021 1981 2062 cum
2025 2009 2198 2081 tepo-

302 2117 435 2157 rem
461 2096 788 2171 incusaret,
812 2098 1022 2157 statim
1048 2097 1328 2158 futurum
1359 2107 1430 2158 ut
1457 2099 1939 2161 incalescerent:
1968 2100 2200 2160 vernile

303 2194 542 2253 dictum
610 2213 857 2254 omnem
926 2193 1226 2254 invidiam
1292 2195 1360 2254 in
1429 2216 1572 2256 eum
1640 2198 1850 2273 vertit,
1906 2200 2203 2277 tan‘quam

304 2290 547 2371 signum
615 2290 1039 2351 incendendae
1097 2292 1440 2353 Cremonae
1496 2294 1788 2370 dedisset,
1847 2315 2002 2375 quae
2069 2297 2203 2376 jam

304 2387 623 2466 flagrabat.
1414 2410 1417 2414 ’

386 2484 481 2543 34.
551 2484 674 2543 Hic
716 2484 920 2545 exitus
963 2484 1304 2545 Cremonae
1361 2506 1524 2547 anno
1567 2488 1994 2548 ducentesimo
2037 2496 2203 2547 octo-

301 2579 535 2660 gesimo
578 2591 754 2641 sexto
783 2600 820 2640 a
848 2580 1186 2659 primordio
1229 2582 1344 2642 sui.
1434 2583 1705 2644 Condita
1746 2593 1879 2644 erat
1908 2583 2003 2642 Ti.
2036 2583 2202 2643 Sem-

301 2677 521 2755 pronio
566 2676 639 2745 P.
693 2676 979 2737 Cornelio
1021 2679 1401 2764 consulibus,
1442 2680 1774 2759 ingruente
1829 2680 1894 2740 in
1950 2678 2203 2738 Italiam

299 2773 630 2848 Annibale,
651 2776 1186 2854 propugnaculum
1208 2777 1504 2837 adversus
1528 2777 1737 2837 Gallos
1760 2785 1931 2837 trans
1953 2776 2202 2835 Padum

302 2881 575 2950 agente8‚
619 2879 682 2930 et
724 2871 776 2930 si
818 2891 940 2951 qua
980 2872 1101 2932 alia
1141 2873 1237 2933 vis
1292 2893 1405 2952 per
1448 2874 1644 2952 Alpes
1684 2882 1911 2933 rueret.
1993 2872 2199 2952 Igitur

299 2987 557 3027 numero
628 2968 1004 3043 colonorum,
1061 2972 1531 3051 opportunitate
1603 2970 1950 3043 fluminum,
2005 2969 2195 3028 ubere

299 3064 449 3143 agri,
480 3083 726 3124 annexu
763 3066 1161 3147 conubiisque
1202 3068 1488 3146 gentium
1532 3067 1808 3126 adolevit
1848 3065 2200 3144 floruitque,

298 3158 473 3220 bellis
543 3162 813 3222 externis
883 3164 1133 3237 intacta,
1204 3164 1489 3223 civilibus
1558 3162 1793 3221 infelix.
1880 3162 2196 3221 Antonius

298 3258 539 3336 pudore
594 3259 833 3339 fiagitii,
885 3262 1313 3320 crebrescente
1368 3259 1623 3332 invidia,
1673 3259 1869 3317 edixit
1923 3278 2003 3317 ne
2063 3258 2199 3337 quis

291 3353 783 3415 Cremonensem
842 3349 1160 3435 captivum
1216 3356 1540 3415 detineret.
1622 3354 1994 3433 Irritamque
2038 3373 2206 3433 prae-

301 3450 446 3510 dam
485 3452 787 3513 militibus
832 3452 1124 3512 effecerat
1167 3472 1498 3512 consensus
1540 3449 1776 3524 Italiae,
1821 3451 2201 3529 emptionem

298 3548 518 3608 talium
546 3549 994 3629 mancipiorum
1022 3548 1443 3630 aspernantis:
1485 3547 1686 3608 occidi
1714 3566 2005 3627 coepere3
2034 3547 2203 3627 quod

2279 757 2309 803 5

2248 1239 2309 1284 10

2246 1720 2309 1766 15

2245 2210 2307 2257 20

2246 3368 2306 3412 10
