2738 4048
336 227 462 292 140
921 242 1311 292 ExcERPTA
1354 241 1784 292 TACITIANA.
1820 214 1823 217 “

443 419 626 459 causa
664 401 907 460 locatur
948 411 1011 461 et
1054 401 1273 460 domus
1321 401 1589 459 illustres
1625 399 1907 473 afflictae,
1951 420 2089 460 cum
2125 409 2347 460 contra

442 497 918 557 Tarracinenses
961 498 1129 556 nulla
1171 518 1287 576 ope
1328 499 1728 577 juvarentur:
1787 505 1965 556 tanto
2007 498 2346 575 proclivius

441 604 535 654 est
565 594 823 672 injuriae
848 614 1030 673 quam
1050 594 1352 654 beneficio
1376 595 1577 653 vicem
1602 595 1940 667 exsolvere,
1965 594 2111 672 quia
2137 594 2345 672 gratia

442 692 632 764 oneri,
680 691 834 750 ultio
886 691 950 748 in
1002 701 1263 768 quaestu
1309 691 1591 750 habetur.
1630 734 1639 741 .
1677 690 1919 749 Solacio
1964 690 2080 749 fuit
2130 709 2345 749 servus

334 803 395 848 10
436 787 725 866 Verginii
771 787 1108 864 Capitonis,
1150 807 1333 866 quem
1375 787 1759 865 proditorem
1803 786 2344 845 Tarracinensium

441 883 730 955 diximus,
761 883 1040 961 patibulo
1073 883 1286 942 affixus
1316 883 1380 941 in
1412 883 1611 941 isdem
1640 883 1839 942 anulis
1869 901 2022 961 quos
2052 892 2345 960 acceptos

441 1000 477 1038 a
518 979 776 1039 Vitellio
818 979 1125 1057 gestabat.
1208 979 1299 1039 At
1342 979 1580 1038 Romae
1624 987 1873 1038 senatus
1913 987 2137 1037 cuncta
2178 978 2346 1056 prin-

439 1075 677 1155 cipibus
699 1076 881 1135 solita
902 1075 1287 1153 Vespasiano
1312 1074 1612 1147 decernit,
1637 1076 1835 1134 laetus
1858 1083 1923 1133 et
1952 1074 2083 1152 spei
2112 1084 2342 1148 certuS,

440 1174 666 1252 quippe
710 1182 955 1252 sumpta
997 1193 1107 1252 per
1138 1173 1371 1232 Gallias
1406 1171 1860 1250 Hispaniasque
1903 1170 2111 1230 civilia
2154 1191 2345 1245 arma,
2420 1220 2429 1223 ,

334 1284 394 1329 15
435 1271 623 1330 motis
672 1272 748 1329 ad
795 1272 1025 1331 bellum
1076 1268 1445 1341 Germaniis,
1493 1288 1640 1327 mox
1689 1266 1959 1346 Illyrico,
2007 1275 2341 1346 postquam
2402 1332 2413 1341 ,

333 1768 394 1814 20

329 3028 390 3073 10

327 3508 387 3553 15

438 1368 802 1447 Aegyptum
840 1369 1147 1428 Judaeam
1194 1365 1562 1444 Syriamque
1619 1373 1683 1423 et
1741 1363 1938 1424 omnis
1987 1364 2343 1442 provincias
2402 1349 2413 1381 ²

439 1464 867 1544 exercitusque
896 1465 1332 1536 lustraverant,
1365 1462 1537 1521 velut
1569 1460 1818 1538 expiato
1851 1470 2159 1519 terrarum
2190 1461 2341 1521 orbe
2373 1534 2391 1542 ο

439 1558 669 1640 cepisse
697 1563 885 1621 finem
912 1561 1321 1636 videbantur3
1366 1559 1661 1618 addidere
1692 1540 2074 1618 alacritatem
2102 1558 2345 1637 Vespa-

438 1658 593 1717 siani
622 1659 855 1732 literae,
876 1669 1172 1738 tanquam
1194 1667 1484 1716 manente
1513 1656 1677 1715 bello
1707 1654 2005 1733 scriptae:
2039 1674 2112 1714 ea
2138 1655 2341 1734 prima

437 1756 638 1833 specie
667 1754 909 1829 forma3
954 1767 1228 1815 ceterum
1271 1766 1344 1814 ut
1387 1755 1675 1834 princeps
1720 1750 2102 1830 loquebatur,
2135 1751 2344 1810 civilia

440 1851 518 1909 de
562 1871 624 1909 se
668 1861 731 1910 et
772 1853 1145 1930 reipublicae
1189 1852 1477 1932 egregia:
1522 1870 1635 1909 nec
1681 1858 1932 1908 senatus
1976 1847 2342 1926 obsequium

441 1946 673 2006 deerat.
741 1946 871 2027 Ipsi
903 1949 1255 2007 consulatus
1286 1969 1427 2008 cum
1457 1947 1601 2007 Tito
1630 1946 1777 2018 filio,
1809 1954 2100 2024 praetura
2128 1944 2342 2004 Domi-

438 2043 608 2102 tiano
639 2053 702 2103 et
731 2045 1048 2103 consulare
1078 2046 1405 2123 imperium
1434 2046 1869 2104 decernuntur.

523 2139 613 2197 11.
668 2140 807 2198 Tali
837 2160 1039 2199 rerum
1068 2151 1254 2214 statu,
1287 2161 1427 2200 cum
1459 2141 1768 2202 discordia
1795 2141 1961 2201 inter
1989 2152 2217 2221 patres,
2248 2143 2340 2203 ira

439 2235 601 2314 apud
647 2236 862 2309 victos,
906 2238 1074 2295 nulla
1115 2238 1178 2296 in
1219 2239 1559 2298 victoribus
1601 2239 1952 2313 auctoritas,
1982 2260 2106 2299 non
2150 2241 2336 2319 legeS,

436 2352 560 2391 non
584 2332 865 2411 princeps
895 2333 954 2391 in
990 2334 1242 2393 civitate
1267 2345 1492 2410 essent,
1517 2336 1842 2398 Mucianus
1866 2338 2082 2398 urbem
2112 2339 2338 2417 ingres·

437 2450 539 2490 sus
581 2439 803 2490 cuncta
844 2430 1024 2491 simul
1067 2432 1129 2490 in
1175 2452 1239 2491 se
1281 2434 1495 2493 traxit.
1578 2435 1808 2497 Fracta
1845 2441 2044 2509 Primi
2071 2442 2337 2503 Antonii

435 2528 715 2608 Varique
757 2531 929 2588 Arrii
973 2534 1274 2609 potentia,
1316 2536 1476 2593 male
1521 2536 1907 2596 dissimulata
1947 2538 2012 2596 in
2055 2558 2160 2597 eos
2201 2539 2336 2599 Mu·

436 2625 597 2685 ciani
640 2626 974 2699 iracundia,
1007 2629 1286 2705 quamvis
1315 2631 1496 2690 vultu
1539 2641 1872 2710 tegeretur.
1960 2633 2085 2693 Sed
2116 2634 2336 2696 civitas

438 2722 738 2781 rimandis
762 2723 1007 2783 offensis
1031 2744 1221 2803 sagax
1246 2737 1518 2787 verterat
1546 2747 1610 2786 se
1640 2731 2202 2810 transtuleratque:
2231 2733 2336 2793 ille

436 2840 594 2880 unus
650 2819 889 2893 ambiri,
931 2822 1084 2895 coli3
1139 2842 1254 2881 nec
1297 2824 1512 2884 deerat
1553 2825 1702 2903 ipse,
1745 2827 2010 2905 stipatus
2066 2830 2335 2904 armatis,

436 2918 652 2977 domos
682 2918 1020 2997 hortosque
1049 2929 1427 2997 permutanS‚
1451 2933 1771 3001 apparatu,
1793 2924 2033 2985 incessu
2064 2927 2337 2987 excubiis

432 3014 560 3074 vim
602 3014 897 3094 principis
948 3015 1256 3093 amplecti,
1301 3036 1531 3077 nomen
1571 3019 1904 3080 remittere.
1988 3022 2336 3083 Plurimum

434 3109 689 3169 terroris
718 3110 931 3170 intulit
960 3110 1178 3170 caedes
1203 3111 1522 3191 Calpurnii
1553 3112 1883 3175 Galeriani.
1940 3116 2002 3176 Is
2032 3118 2146 3178 fuit
2175 3118 2335 3179 filius

436 3206 546 3265 Cai
576 3206 839 3283 Pisonis,
869 3210 1024 3268 nihil
1056 3230 1272 3269 ausus:
1317 3212 1427 3270 sed
1459 3233 1682 3272 nomen
1722 3214 1962 3294 insigne
2005 3225 2068 3275 et
2110 3216 2335 3275 decora

432 3303 623 3381 ipsius
676 3306 941 3385 juventa
990 3327 1235 3367 rumore
1277 3309 1451 3388 vulgi
1508 3311 1994 3384 celebrabantur,
2037 3322 2333 3391 erantque

430 3399 497 3458 in
540 3400 813 3476 civitate,
858 3404 1060 3484 adh-uc
1105 3404 1355 3463 turbida
1398 3416 1462 3465 et
1504 3408 1682 3467 novis
1725 3410 2107 3469 sermonibus
2150 3412 2332 3482 laeta,

431 3497 536 3573 qui
565 3498 946 3576 principatus
974 3500 1223 3559 inanem
1253 3502 1309 3560 ei
1339 3503 1564 3562 famam
1594 3504 2068 3567 circumdarent.
2141 3507 2185 3566 J
2190 3526 2333 3566 ussu

434 3589 710 3648 Muciani
741 3593 1025 3650 custodia
1051 3595 1304 3653 militari
1334 3597 1591 3671 cinctus,
1622 3619 1699 3658 ne
1732 3600 1798 3659 in
1826 3602 1959 3680 ipsa
2000 3603 2152 3663 urbe
2195 3622 2334 3662 con-
