2738 4048
369 268 494 333 108
953 284 1344 332 EXCERPTA
1388 284 1817 332 TAOITIANA.

365 846 425 891 15

360 1524 390 1569 5

359 2007 420 2054 10

359 2494 420 2541 15

474 442 915 517 adulationem,
944 443 1137 503 ceteri
1183 462 1254 501 ac
1298 443 1601 522 paulatim
1643 462 1871 517 omnes,
1899 462 1977 502 ne
2021 444 2156 503 aliis
2198 445 2378 523 profi-

471 539 846 600 ciscentibus
895 540 1015 618 ipsi
1059 549 1474 599 remanerent.
1555 540 2086 619 Aggregabantur
2125 561 2159 600 e
2192 541 2377 620 plebe

471 637 781 716 flagitiosa
835 657 946 715 per
1002 637 1294 715 obsequia
1335 636 1601 696 Vitellio
1645 637 1900 715 cogniti,
1943 657 2212 711 scurrae,
2257 638 2376 697 his-

469 733 721 807 triones,
746 735 1011 812 aurigae,
1034 734 1255 812 qdibus
1283 733 1388 793 ille
1420 734 1832 793 amicitiarum
1861 735 2372 794 dehonestamen-

471 831 552 892 tis
593 831 748 889 mire
786 831 1118 909 gaudebat.
1201 830 1338 890 Nec
1369 831 1646 890 coloniae
1676 831 1866 891 modo
1895 840 2004 891 aut
2032 831 2373 911 municipia

471 936 771 1006 congestu
810 928 1145 1005 copiarum,
1174 929 1282 986 sed
1326 927 1448 1006 ipsi
1491 928 1760 987 cultores
1803 947 2087 1009 arvaque,
2115 928 2374 988 maturis

469 1026 601 1104 jam
632 1024 933 1102 frugibus,
964 1034 1033 1083 ut
1063 1025 1287 1084 hostile
1316 1025 1518 1084 solum
1546 1025 1972 1085 vastabantur.

556 1122 650 1180 89.
710 1119 853 1199 Ipse
910 1120 1207 1181 Vitellius
1265 1141 1301 1181 a
1353 1131 1550 1200 ponte
1606 1121 1850 1181 Mulvio
1904 1122 2135 1201 insigni
2190 1143 2370 1202 equ0,

470 1217 803 1297 paludatus
845 1217 1297 1295 accinctusque,
1340 1228 1625 1277 senatum
1668 1228 1734 1278 et
1774 1220 2076 1298 populum
2120 1230 2263 1279 ante
2305 1239 2371 1279 se

472 1335 679 1394 agens,
711 1334 831 1394 quo
876 1314 1077 1373 minus
1107 1325 1176 1372 ut
1209 1325 1455 1393 captam
1487 1316 1703 1374 urbem
1744 1316 2197 1394 ingrederetur,
2228 1317 2372 1375 ami-

470 1432 682 1471 corum
713 1411 967 1471 consilio
998 1411 1352 1483 deterrituS‚
1384 1422 1632 1490 sumpta
1660 1422 1989 1490 praetexta
2022 1422 2087 1472 et
2128 1433 2372 1491 compo-

464 1509 584 1569 sito
616 1509 858 1587 agmine
902 1508 1171 1567 incessit.
1257 1508 1571 1580 Quattuor
1613 1509 1926 1589 legionum
1969 1510 2210 1589 aquilae
2252 1530 2367 1589 per

467 1607 759 1679 frontem,
808 1605 1190 1684 totidemque
1233 1605 1399 1664 circa
1454 1626 1488 1665 e
1544 1606 1888 1685 legionibus
1938 1607 2074 1666 aliis
2122 1607 2369 1682 vexilla,

467 1724 612 1763 mox
642 1703 972 1762 duodecim
1004 1702 1241 1761 alarum
1283 1703 1462 1788 signa
1504 1713 1569 1763 et
1608 1714 1752 1782 post
1793 1703 2078 1782 peditum
2121 1704 2370 1764 ordines

468 1821 692 1878 equcs3
734 1800 880 1859 dein
924 1809 1217 1879 quattuor
1259 1809 1323 1858 et
1365 1800 1627 1879 triginta
1668 1801 1975 1874 cohortes,
2006 1811 2075 1860 ut
2116 1801 2371 1861 nomina

465 1897 747 1976 gentium
777 1909 884 1957 aut
913 1897 1150 1975 species
1180 1917 1493 1956 armorum
1522 1897 1752 1970 forent,
1783 1897 2109 1958 discretae.
2194 1899 2367 1958 Ante

464 1993 698 2072 aquilas
728 1994 1029 2074 praefecti
1058 2005 1401 2055 castrorum
1431 1994 1788 2075 tribunique
1811 2004 1875 2056 et
1896 1995 2083 2075 primi
2106 1995 2369 2056 centuri-

465 2111 653 2150 onum
700 2091 965 2150 candida
1006 2103 1198 2166 veste,
1245 2093 1437 2152 ceteri
1480 2094 1662 2173 juxta
1709 2113 1883 2152 suam
1928 2093 2184 2172 quisque
2235 2113 2371 2153 cen-

464 2186 714 2261 turiam,
745 2188 931 2247 armis
961 2188 1262 2269 donisque
1292 2190 1604 2270 fulgentes
1629 2210 1645 2266 ;
1688 2199 1753 2249 et
1781 2190 2048 2251 militum
2078 2191 2368 2270 phalerae

466 2295 838 2364 torquesque
870 2286 1316 2364 splendebant:
1359 2289 1588 2348 decora
1614 2288 1803 2348 facies
1844 2297 1909 2348 et
1950 2309 2074 2348 non
2105 2288 2368 2350 Vitellio

465 2381 746 2462 principe
790 2383 1015 2462 dignus
1066 2385 1393 2445 exercitus.
1479 2385 1583 2446 Sic
1627 2386 2004 2465 Capitolium
2059 2385 2368 2466 ingressus

464 2489 650 2559 atque
692 2479 779 2539 ibi
820 2490 1085 2539 matrem
1129 2483 1488 2561 complexus
1517 2484 1844 2562 Augustae
1886 2482 2136 2542 nomine
2177 2484 2368 2543 hono·

465 2580 650 2641 ravit.

546 2680 643 2740 90.
714 2677 978 2739 Postera
1033 2678 1153 2751 die,
1203 2687 1503 2758 tanquam
1560 2680 1727 2758 apud
1783 2679 2038 2740 alterius
2094 2678 2365 2740 civitatis

464 2786 748 2836 senatum
791 2777 1229 2854 populumque,
1257 2777 1653 2855 magnificam
1684 2777 2032 2837 orationem
2062 2777 2139 2836 de
2169 2786 2367 2837 semet

464 2873 599 2951 ipso
628 2874 951 2952 prompsit,
980 2872 1349 2932 industriam
1381 2874 1983 2953 temperantiamque
2027 2894 2201 2934 suam
2244 2874 2367 2932 lau-

464 2970 646 3029 dibus
689 2971 999 3042 attollens‚
1043 2970 1301 3029 consciis
1342 2971 1723 3049 flagitiorum
1766 2971 1914 3050 ipsis
1958 2971 2063 3050 qui
2105 2971 2365 3030 aderant

467 3067 758 3146 omnique
802 3066 1004 3140 Italia,
1034 3087 1146 3146 per
1177 3087 1359 3146 quam
1392 3088 1605 3127 somno
1637 3078 1700 3127 et
1728 3068 1878 3127 luxu
1907 3068 2237 3147 pudendus
2278 3067 2367 3125 in-

466 3173 751 3224 cesserat.
833 3163 1081 3244 Vulgus
1136 3173 1365 3237 tamen,
1409 3184 1673 3224 vacuum
1716 3164 1876 3223 curis
1932 3173 1996 3224 et
2050 3164 2182 3223 sine
2224 3163 2365 3222 falsi

463 3260 719 3340 verique
776 3260 1131 3321 discrimine
1181 3260 1394 3320 solitas
1451 3261 1839 3320 adulationes
1886 3261 2197 3333 edoctum,
2250 3260 2366 3319 cla-

463 3375 633 3415 more
675 3367 740 3417 et
781 3359 1035 3418 vocibus
1078 3357 1469 3435 astrepebat3
1512 3358 1927 3436 abnuentique
1969 3377 2195 3417 nomen
2239 3357 2367 3414 Au-

465 3453 632 3528 gusti
663 3474 1019 3534 expressere
1054 3464 1125 3514 ut
1156 3465 1512 3527 assumeret,
1543 3464 1672 3515 tam
1714 3457 1940 3514 frustra
1970 3475 2155 3533 quam
2197 3475 2366 3512 recu-

358 3561 419 3607 10
462 3560 723 3608 saverat.
