2738 4048
380 216 504 282 146
968 229 1362 278 EXOERPTA
1405 228 1837 278 TACITIANA.

484 409 677 470 prope
701 388 987 448 universa
1014 398 1221 468 gente,
1243 409 1367 448 non
1399 388 1651 467 ignarus
1678 375 2040 447 instandum
2067 386 2273 446 famae
2304 407 2401 461 ae,

482 497 669 567 prout
711 485 911 565 prima
956 486 1296 557 cessissent,
1340 493 1646 543 terrorem
1689 484 1913 544 ceteris
1954 484 2104 557 fore,
2135 484 2399 543 Monam

482 585 761 655 insulam,
793 603 834 641 α
878 584 1053 661 cujus
1097 582 1480 659 possessione
1524 590 1884 640 revocatum
1926 580 2260 639 Paulinum
2306 600 2400 640 re-

375 698 440 743 20
479 681 750 741 bellione
782 680 974 738 totius
1008 678 1369 736 Britanniae
1400 697 1586 757 supra
1613 677 1975 749 memoravi,
2005 678 2286 756 redigere
2328 677 2395 735 in

484 786 859 858 potestatem
891 776 1096 833 animo
1126 775 1420 835 intendit.
1507 775 1631 834 Sed
1664 784 1737 834 ut
1764 774 1828 833 in
1859 774 2078 834 subitis
2121 773 2397 833 consiliis

484 895 673 934 naves
718 875 1011 932 deerant:
1070 872 1227 930 ratio
1275 882 1339 931 et
1397 870 1748 930 constantia
1804 870 1978 930 ducis
2022 870 2392 930 transvexit.

484 970 803 1050 Depositis
833 970 1120 1029 omnibus
1150 968 1405 1028 sarcinis
1436 968 1802 1027 lectissimos
1831 967 2236 1039 auxiliarium,
2262 967 2396 1045 qui-

484 1068 598 1127 bus
628 1078 778 1127 nota
805 1069 969 1127 vada
997 1077 1061 1127 et
1089 1066 1377 1146 proprius
1408 1066 1599 1124 nandi
1630 1085 1794 1138 usus,
1827 1085 1948 1143 quo
1977 1064 2158 1124 simul
2201 1084 2394 1142 seque

377 1179 440 1225 25
484 1175 546 1225 et
577 1185 745 1224 arma
775 1175 838 1225 et
868 1185 1057 1245 equos
1087 1174 1329 1243 regunt,
1361 1163 1452 1222 ita
1479 1173 1737 1241 repente
1767 1162 2039 1235 immisit,
2074 1170 2141 1221 ut
2186 1162 2395 1221 obstu-

483 1262 714 1342 pefacti
743 1265 968 1335 hostes,
1000 1262 1101 1342 qui
1133 1262 1409 1334 classem,
1440 1260 1545 1338 qui
1575 1278 1786 1331 naves,
1818 1259 1922 1337 qui
1963 1277 2131 1317 mare
2175 1277 2395 1336 expec-

485 1360 719 1433 tabant,
757 1360 910 1418 nihil
954 1359 1214 1417 arduum
1259 1367 1367 1417 aut
1410 1356 1715 1415 invictum
1758 1356 2139 1415 crediderint
2179 1355 2268 1414 sic
2311 1355 2393 1414 ad

487 1457 712 1515 bellum
743 1457 1153 1515 venientibus.
1239 1454 1342 1514 Ita
1383 1454 1584 1533 petita
1624 1472 1776 1532 pace
1821 1472 1892 1512 ac
1934 1452 2149 1512 dedita
2188 1452 2394 1511 insula

487 1554 684 1613 clarus
730 1573 800 1613 ac
844 1573 1105 1632 magnus
1151 1552 1365 1611 haberi
1409 1551 1724 1629 Agricola,
1771 1550 1996 1629 quippe
2046 1549 2147 1608 cui
2193 1548 2396 1628 ingre-

377 1664 438 1710 30
480 1650 675 1709 dienti
719 1650 1118 1729 provinciam,
1151 1650 1316 1728 quod
1347 1659 1593 1726 tempus
1624 1647 1725 1706 alii
1755 1666 1867 1726 per
1897 1645 2388 1707 ostentationem

486 1755 549 1806 et
592 1748 930 1806 officiorum
974 1746 1273 1806 ambitum
1316 1744 1691 1823 transigunt,
1719 1744 1896 1804 labor
1938 1752 2002 1803 et
2043 1742 2394 1823 periculum

483 1843 834 1922 placuisset.

570 1941 662 1999 19.
735 1941 1023 1999 Ceterum
1069 1940 1413 2000 animorum
1455 1939 1810 2019 provinciae
1853 1938 2142 2017 prudenS‚
2187 1938 2395 1997 simul-

485 2057 602 2116 que
634 2038 853 2095 doctus
877 2057 988 2114 per
1011 2038 1210 2095 aliena
1234 2038 1660 2117 experimenta
1687 2057 1907 2117 parum
1935 2037 2151 2116 profici
2184 2038 2391 2110 armiS,

484 2133 536 2192 si
591 2133 853 2211 injuriae
905 2143 1319 2210 sequerentur,
1365 2154 1579 2194 causas
1621 2135 1926 2195 bellorum
1970 2134 2191 2195 statuit
2233 2134 2395 2193 exci-

485 2229 647 2288 dere.
733 2228 794 2285 A
826 2248 887 2286 se
920 2229 1163 2307 suisque
1194 2250 1367 2288 orsus
1396 2231 1667 2310 primum
1710 2233 1965 2292 domum
2007 2251 2184 2291 suam
2226 2250 2394 2290 coer-

376 2339 407 2386 5
482 2325 630 2397 cuit,
662 2326 838 2403 quod
855 2325 1160 2405 plerisque
1191 2328 1354 2386 haud
1386 2329 1590 2389 minus
1620 2331 1882 2389 arduum
1913 2338 2008 2389 est
2037 2348 2221 2408 quam
2250 2348 2393 2407 pro-

481 2421 752 2482 vinciam
794 2443 1029 2501 regere.
1114 2424 1290 2483 Nihil
1320 2445 1431 2504 per
1460 2427 1716 2486 libertos
1746 2446 2077 2505 servosque
2107 2425 2392 2504 publicae

481 2520 589 2594 rei,
631 2541 756 2579 non
801 2520 1024 2580 studiis
1081 2521 1339 2600 privatis
1396 2544 1512 2582 nec
1561 2544 1639 2582 ex
1685 2523 2224 2583 commendatione
2281 2532 2394 2582 aut

481 2618 765 2697 precibus
808 2619 1232 2679 centurionem
1276 2621 1582 2680 militesve
1628 2621 1884 2694 adscire,
1928 2621 2036 2680 sed
2079 2619 2392 2698 optimum

482 2735 787 2795 quemque
819 2715 1182 2776 fidissimum
1213 2727 1454 2796 putare.
1540 2717 1766 2776 Omnia
1807 2717 1982 2790 scire,
2013 2736 2135 2775 non
2180 2715 2393 2775 omnia

386 2823 437 2872 10
478 2812 766 2891 exsequi:
824 2813 1030 2891 parvis
1074 2814 1345 2892 peccatis
1391 2813 1658 2887 veniam,
1704 2814 1945 2893 magnis
1988 2813 2391 2873 severitatem

481 2909 909 2982 commodare3
940 2930 1051 2969 nec
1082 2930 1282 2988 poena
1312 2930 1574 2988 semper,
1598 2911 1705 2970 sed
1731 2910 1972 2989 saepius
1994 2908 2392 2988 poenitentia

479 3016 809 3066 contentus
832 3027 962 3075 esse
985 3028 999 3081 3
1030 3008 1243 3066 officiis
1272 3018 1336 3066 et
1365 3006 2008 3066 administrationibus
2031 3006 2236 3085 potius
2260 3025 2385 3065 non

478 3114 841 3181 peccaturos
872 3125 1267 3184 praeponere,
1298 3125 1479 3184 quam
1515 3106 1808 3163 damnare
1837 3123 1979 3163 cum
2007 3112 2387 3183 peccassent.

481 3198 806 3261 Frumenti
847 3210 911 3261 et
952 3202 1328 3261 tributorum
1361 3202 1747 3261 exactionem
1777 3200 2148 3281 aequalitate
2179 3220 2391 3259 mune-

374 3310 434 3355 15
476 3317 614 3356 rum
643 3300 904 3372 mollire,
934 3298 1309 3358 circumcisis
1342 3318 1497 3377 quae
1526 3299 1590 3358 in
1622 3292 1946 3378 quaestum
1974 3306 2222 3377 reperta
2249 3296 2388 3376 ipso

477 3396 713 3456 tributo
743 3396 993 3475 gravius
1025 3395 1467 3455 tolerabantur.

561 3495 657 3551 29.
715 3492 905 3552 Initio
936 3493 1188 3552 aestatis
1221 3492 1517 3571 Agricola
1546 3491 1884 3552 domestico
1912 3492 2170 3551 vulnere
2202 3488 2385 3563 ictuS,
