2738 4048
762 285 1279 334 HISTORIARUM
1322 287 1543 333 LIBER
1591 287 1995 336 SECUNDUS.

365 450 548 522 rapta
575 440 834 519 legionis
864 443 1100 521 aquila3
1141 463 1460 521 superesse
1491 464 1628 504 cum
1659 444 1793 522 ipso
1824 445 2072 505 Othone
2114 445 2271 505 mili-

366 546 505 597 tum
528 538 696 616 quod
720 547 889 595 trans
912 538 1155 597 Padum
1177 539 1386 612 fuerit,
1405 541 1617 599 venire
1639 540 1943 599 Moesicas
1971 542 2266 619 legioneS,

366 653 657 712 magnam
714 634 1020 694 exercitus
1076 645 1319 713 partem
1376 635 1666 695 Bedriaci
1701 636 2096 697 remansisse:
2152 639 2267 699 hos

367 740 536 790 certe
568 730 844 791 nondum
873 730 1072 791 victos
1102 742 1184 805 et,
1214 733 1265 791 si
1298 733 1385 791 ita
1424 732 1635 806 ferret,
1668 735 1983 794 honestius
2025 734 2090 795 in
2133 735 2265 795 acie

365 827 693 907 perituros.
750 827 870 889 His
893 828 1372 907 cogitationibus
1393 838 1599 889 truces
1622 841 1730 889 aut
1751 831 1966 908 pavidi
1989 841 2269 892 extrema

367 925 796 1004 desperatione
854 925 934 984 ad
988 926 1146 985 iram
1201 926 1446 1005 saepius
1502 947 1686 1006 quam
1753 929 1817 987 in
1874 929 2267 990 formidinem

367 1021 864 1082 stimulabantur.

447 1119 544 1177 45.
601 1119 693 1177 At
721 1118 1097 1179 Vitellianus
1127 1120 1435 1180 exercitus
1465 1121 1544 1179 ad
1574 1122 1861 1200 quintum
1890 1141 1926 1182 a
1954 1122 2262 1183 Bedriaco

365 1215 642 1294 lapidem
683 1214 981 1289 consedit,
1010 1235 1137 1274 non
1168 1217 1330 1276 ausis
1359 1217 1620 1276 ducibus
1652 1218 1873 1276 eadem
1904 1219 2003 1277 die
2035 1239 2267 1298 oppug-

365 1311 682 1373 nationem
712 1322 1085 1386 castrorum3
1127 1311 1309 1373 simul
1338 1313 1689 1372 voluntaria
1716 1313 1955 1372 deditio
1984 1316 2267 1393 speraba-

365 1418 508 1469 tur:
564 1409 675 1468 sed
730 1408 1037 1487 expeditis
1092 1418 1158 1468 et
1210 1419 1458 1469 tantum
1513 1411 1606 1468 ad·
1645 1410 1948 1488 proelium
2005 1411 2265 1490 egressis

365 1507 819 1566 munimentum
846 1506 1015 1565 fuere
1040 1526 1210 1565 arma
1231 1516 1294 1566 et
1315 1507 1600 1566 victoria.
1668 1508 1930 1567 Postera
1958 1508 2077 1582 die,
2100 1509 2268 1569 haud

368 1604 656 1683 ambigua
687 1603 1028 1663 Othoniani
1072 1603 1384 1664 exercitus
1415 1604 1757 1678 voluntate,
1788 1613 1852 1663 et
1882 1605 1987 1683 qui
2016 1605 2265 1665 ferocio-

364 1721 464 1763 res
481 1700 732 1759 fuerant
752 1701 831 1759 ad
851 1701 1297 1779 paenitentiam
1317 1701 1773 1776 inclinantibus,
1793 1703 1979 1760 missa
1999 1702 2228 1780 legatio
2245 1723 2263 1778 ;

363 1817 481 1858 nec
504 1799 667 1876 apud
692 1798 879 1858 duces
902 1797 1270 1858 Vitellianos
1292 1798 1647 1857 dubitatum
1671 1818 1790 1877 quo
1813 1799 2017 1858 minus
2046 1819 2264 1878 pacem

366 1898 800 1958 concederent.
882 1898 1104 1978 Legati
1132 1899 1445 1979 paulisper
1470 1899 1732 1958 retenti:
1777 1918 1850 1957 ea
1876 1918 1976 1957 res
2003 1898 2264 1957 haesitae

365 1992 598 2053 tionem
650 1994 861 2054 attulit
907 1993 1138 2073 ignaris
1184 1993 1389 2053 adhuc
1444 2012 1521 2053 an
1580 1993 2031 2073 impetrassent.
2112 1993 2267 2054 Mox

364 2092 618 2151 remissa
644 2092 953 2170 legatione
982 2092 1184 2171 patuit
1205 2092 1457 2151 vallum.
1514 2092 1675 2152 Tum
1700 2093 2261 2173 victi-victoresque

364 2189 429 2250 in
458 2191 739 2251 lacrimas
768 2190 966 2266 effusi,
989 2199 1220 2250 sortem
1250 2191 1525 2250 civilium
1555 2210 1866 2251 armorum
1895 2192 2117 2252 misera
2145 2193 2263 2252 lae-

364 2288 508 2348 titia
537 2289 954 2362 detestantes3
995 2288 1204 2368 isdem,
1222 2288 1510 2348 tentoriis
1542 2288 1648 2347 alii
1676 2289 1961 2363 fratrum,
1992 2290 2095 2349 alii
2125 2309 2262 2368 pro-

364 2385 737 2465 pinquorum
764 2386 1022 2445 vulnera
1048 2386 1383 2445 fovebant:
1427 2405 1566 2464 spes
1596 2395 1658 2444 et
1685 2387 1957 2465 praemia
1984 2388 2048 2446 in
2078 2388 2263 2447 ambi-

364 2502 507 2561 gu0,
550 2492 719 2542 certa
758 2484 975 2542 funera
1017 2491 1080 2542 et
1121 2483 1342 2555 luctuS,
1387 2502 1503 2541 nec
1545 2483 1867 2561 quisquam
1919 2484 2074 2542 adeo
2116 2483 2263 2544 mali

364 2597 601 2657 experS,
631 2588 701 2639 ut
730 2599 854 2637 non
886 2578 1152 2657 aliquam
1182 2587 1449 2637 mortem
1476 2588 1801 2638 maereret.
1866 2578 2261 2658 Requisitum

364 2675 589 2735 Orfidii
630 2676 824 2755 legati
873 2696 1093 2755 corpus
1135 2676 1367 2734 honole
1411 2675 1593 2735 solito
1637 2687 1976 2749 crematur3
2031 2695 2260 2755 paucos

362 2774 688 2835 necessarii
742 2774 1018 2853 ipsorum
1072 2774 1373 2853 sepelivel
1376 2793 1426 2848 e,
1471 2783 1748 2833 ceterum
1797 2775 2020 2853 vulgus
2075 2794 2261 2853 super

362 2872 619 2931 humum
648 2871 951 2932 relictum.

444 2969 539 3027 66.
596 2968 890 3048 Angebat
914 2968 1243 3028 Vitellium
1270 2968 1576 3028 victarum
1605 2967 1920 3047 legionum
1947 2968 2262 3047 haudquam

363 3084 548 3144 quam
575 3064 808 3125 fractus
838 3066 1112 3125 animus:
1142 3085 1384 3144 sparsae
1414 3086 1524 3144 per
1553 3065 1800 3125 Italiam
1831 3075 1894 3125 et
1923 3064 2262 3126 victoribus

360 3162 704 3240 permixtae
739 3162 989 3223 hostilia
1028 3163 1459 3241 loquebantur,
1488 3162 1818 3241 praecipua
1859 3163 2263 3242 quartadecu-

360 3278 688 3317 manorum
743 3259 993 3333 ferocia,
1049 3260 1156 3338 qui
1209 3279 1274 3320 se
1331 3259 1531 3319 victos
1587 3259 1977 3333 abnuebant,
2033 3259 2259 3338 quippe

362 3354 764 3415 Bedriacensi
794 3356 923 3416 acie
948 3356 1279 3416 vexillaliis
1302 3365 1548 3416 tantum
1571 3354 1780 3434 pulsis,
1804 3354 1968 3414 vires
1998 3356 2258 3434 legionis

360 3470 486 3511 non
517 3451 807 3511 adfuisse.
891 3452 1156 3513 Remitti
1198 3473 1302 3513 eos
1343 3452 1407 3511 in
1440 3451 1848 3524 Britanniam,
1878 3452 2044 3511 unde
2075 3472 2111 3511 a
2137 3452 2261 3511 Ne-

359 3567 513 3610 rone
570 3547 759 3611 exciti
813 3559 1007 3624 erant,
1048 3550 1302 3629 placuit,
1347 3558 1533 3628 atque
1576 3548 1829 3610 interim
1871 3547 2258 3609 Batavorum

2292 272 2375 336 99

2308 846 2372 892 25

2339 1524 2370 1569 5

2309 2009 2369 2054 10

2304 2497 2366 2543 15

2333 3370 2364 3416 5
