2738 4048
767 284 1292 333 HISTORIARUM
1335 283 1560 331 LIBER
1606 283 2013 332 SECUNDUS.

366 445 750 526 Sanguinem
778 464 919 505 arae
950 442 1274 502 offundere
1303 442 1607 502 vetitum:
1650 443 1972 521 praecibus
2016 449 2080 501 et
2122 441 2267 522 igne

365 563 519 621 puro
571 543 791 602 altaria
836 541 1185 612 adolentur,
1228 559 1343 599 nec
1386 539 1526 597 ullis
1568 539 1870 598 imbribus
1913 558 2266 619 quanquam

364 640 429 698 in
484 650 695 718 aperto
745 639 1125 698 madescunt.
1211 635 1626 695 Simulacrum
1675 637 1828 695 deae
1885 657 2009 696 non
2069 637 2268 716 effigie

364 737 651 808 humana,
682 736 1010 796 continuus
1041 732 1205 792 orbis
1234 733 1456 793 latiore
1486 733 1664 792 initio
1700 741 1956 793 tenuem
1986 734 2050 793 in
2083 734 2269 793 ambi-

365 845 502 893 tum
531 844 733 892 metae
763 833 950 891 modo
982 850 1332 908 exsurgens,
1362 830 1473 889 sed
1502 831 1662 888 ratio
1692 830 1755 889 in
1789 832 2069 890 obscum.

445 930 501 988 4.
556 930 754 1003 Titus,
775 936 1053 1007 spectata
1077 926 1397 1005 opulentia
1420 927 1719 1006 donisque
1743 948 1962 1007 regum
1990 948 2267 1008 quaeque

366 1027 487 1086 alla
532 1027 766 1085 laetum
811 1023 1284 1103 antiquitatibus
1326 1022 1707 1083 Graecorum
1753 1045 1951 1105 genus
1999 1025 2269 1085 incertae

365 1123 665 1183 vetustati
719 1110 973 1199 affingit,
1028 1120 1108 1179 de
1175 1119 1575 1198 navigatione
1644 1122 1913 1200 primum
1984 1121 2266 1181 consulit.

343 1220 708 1299 rPostquam
728 1218 919 1297 pandi
940 1217 1104 1276 viam
1135 1226 1199 1276 et
1227 1235 1398 1277 mare
1426 1239 1791 1298 prosperum
1820 1218 2073 1298 accepit,
2095 1219 2173 1278 de
2202 1237 2268 1277 se

364 1338 477 1399 per
498 1318 785 1396 ambages
813 1316 1157 1393 interrogat
1177 1315 1372 1375 caesis
1397 1317 1815 1395 compluribus
1836 1317 2071 1375 hostiis.
2131 1316 2266 1376 Sos·

364 1425 564 1475 tratus
598 1413 932 1492 (sacerdoti
959 1413 1023 1471 id
1053 1432 1278 1472 nomen
1310 1415 1472 1491 erat)
1509 1414 1615 1474 ubi
1644 1416 1807 1483 laeta
1836 1423 1900 1472 et
1929 1433 2270 1492 congruen-

365 1511 456 1572 tia
483 1520 629 1570 exta
659 1509 1016 1589 magnisque
1047 1509 1344 1569 consultis
1368 1529 1636 1569 annuere
1661 1511 1844 1569 deam
1867 1509 2054 1582 videt,
2073 1527 2271 1587 pauca

367 1608 433 1667 in
461 1627 750 1687 praesens
792 1616 857 1666 et
898 1606 1081 1666 solita
1107 1608 1508 1685 respondenS,
1536 1607 1735 1685 petito
1779 1615 2017 1667 secreto
2058 1606 2272 1665 futura

369 1705 582 1784 aperit.
665 1704 847 1764 Titus
896 1713 1078 1764 aucto
1121 1704 1326 1763 animo
1367 1704 1447 1762 ad
1489 1713 1729 1782 patrem
1772 1711 2117 1782 pervectuS,
2147 1722 2271 1762 sus-

367 1801 571 1882 pensis
612 1801 1069 1880 provinciarum
1125 1811 1189 1861 et
1239 1801 1623 1861 exercituum
1678 1800 2010 1873 mentibus,
2053 1799 2272 1878 ingens

369 1918 571 1958 rerum
599 1898 827 1958 fiducia
859 1899 1133 1958 accessit.
1339 1902 1411 1974 ’ᾖ

451 1996 901 2075 Profligaverat
941 1996 1170 2056 bellum
1203 1995 1247 2057 J
1252 1995 1539 2056 udaicum
1568 1994 2005 2076 Vespasianus,
2039 2014 2271 2074 oppug-

370 2095 621 2155 natione
653 2094 1226 2173 Hierosolymorum
1269 2093 1524 2173 reliqua,
1557 2093 1712 2154 duro
1750 2093 1947 2173 magis
1977 2102 2039 2151 et
2076 2092 2270 2151 arduo

371 2212 553 2271 opere
579 2193 657 2253 ob
678 2191 1001 2271 ingenium
1024 2191 1254 2250 montis
1278 2201 1340 2251 et
1362 2190 1770 2270 pervicaciam
1793 2188 2270 2269 superstitionis,

372 2310 553 2369 quam
586 2309 706 2369 quo
736 2289 885 2348 satis
916 2287 1140 2346 virium
1171 2288 1431 2347 obsessis
1462 2287 1543 2346 ad
1573 2288 1923 2348 tolerandas
1951 2286 2275 2347 necessita-

370 2398 469 2448 tes
526 2394 887 2467 superesset.
979 2385 1153 2459 Tres,
1208 2394 1282 2444 ut
1351 2404 1536 2463 supra
1602 2384 2100 2458 memoravimus,
2157 2382 2275 2462 ipsi

373 2485 759 2565 Vespasiano
814 2485 1089 2565 legiones
1146 2492 1341 2556 erant,
1386 2481 1692 2541 exercitae
1735 2482 1937 2540 bello:
1980 2479 2275 2560 quattuor

375 2581 700 2642 Mucianus
729 2581 1051 2642 obtinebat
1081 2581 1141 2639 in
1172 2599 1342 2659 pace,
1375 2578 1482 2637 sed
1528 2577 1860 2637 aemulatio
1903 2586 1966 2635 et
2006 2574 2274 2655 proximi

374 2680 679 2740 exercitus
720 2680 918 2759 gloria
956 2679 1276 2758 depulerat
1319 2674 1664 2755 segnitiam,
1695 2682 2114 2754 quantumque
2156 2671 2274 2730 illis

373 2777 609 2837 roboris
651 2777 1007 2836 discrimina
1050 2787 1113 2837 et
1156 2777 1345 2849 labor,
1391 2781 1638 2833 tantum
1693 2772 1789 2831 his
1832 2769 2064 2850 vigoris
2106 2769 2276 2828 addi-

2291 265 2373 331 91

2311 748 2372 794 15

2315 1811 2413 1871 ιο,

375 2874 553 2934 derat
607 2873 851 2953 integra
895 2874 1067 2953 quies
1123 2883 1188 2933 et
1242 2871 1551 2950 inexperti
1601 2869 1751 2928 belli
1799 2887 2000 2927 amor:
2051 2866 2279 2925 auxilia
2320 2880 2380 2925 10

376 2972 621 3051 utrique
665 2972 1007 3031 cohortium
1054 2972 1410 3050 alarumque
1461 2978 1526 3029 et
1574 2969 1797 3028 classes
1853 2983 2149 3043 regesque
2206 2982 2275 3023 ac

375 3089 601 3128 nomen
632 3068 859 3147 dispari
889 3058 1056 3128 fama
1085 3068 1340 3128 celebre.

458 3165 511 3223 5.
568 3164 989 3244 Vespasianus
1030 3184 1168 3227 acer
1208 3164 1466 3223 militiae
1511 3161 1745 3222 anteire
1790 3179 2028 3239 agmen,
2068 3158 2276 3216 locum

378 3261 592 3322 castris
621 3281 856 3341 capere,
885 3271 1074 3321 noctu
1104 3261 1333 3340 diuque
1365 3259 1619 3320 consilio
1651 3278 1741 3330 ac,
1774 3258 1823 3316 si
1854 3276 1949 3316 res
1978 3263 2275 3334 posceret,

376 3380 566 3418 manu
608 3359 888 3418 hostibus
938 3358 1154 3431 obniti,
1200 3359 1335 3417 cibo
1381 3356 1659 3427 fortuitO,
1711 3364 1885 3413 veste
1935 3351 2275 3428 habituque

377 3457 488 3515 vix
529 3476 565 3514 a
604 3457 885 3535 gregario
929 3456 1123 3515 milite
1168 3456 1558 3534 discrepans3
1609 3467 1882 3530 -prorsuS,
1925 3450 1976 3510 si
2018 3447 2278 3509 avaritia

380 3554 640 3627 abesset,
669 3552 934 3631 antiquis
976 3552 1233 3611 ducibus
1274 3571 1405 3630 par.
1487 3549 1847 3609 Mucianum
1890 3567 1923 3607 e
1966 3545 2274 3608 contrario

2351 3556 2383 3603 δ
