2738 4048
342 223 469 288 162
851 236 1311 285 SENTENmAn
1356 236 1836 285 TAcmrANAn.

425 396 502 445 24.
549 396 667 445 Non
691 383 965 457 tumultus,
987 411 1094 444 non
1117 396 1281 458 quies,
1306 396 1460 458 quale
1484 395 1663 456 magni
1686 401 1859 444 metus
1893 400 1948 444 et
1981 409 2208 458 magnae
2245 396 2360 445 irae

342 479 606 527 silentium
632 485 710 527 est
739 480 828 540 (H.
857 479 910 526 1:
934 478 1038 539 40).

424 560 504 607 25.
555 559 766 619 Quanto
801 559 969 620 magis
1004 558 1145 606 falsa
1179 563 1328 607 erant
1362 572 1498 619 quae
1532 556 1746 616 fiebant,
1780 562 1928 605 tanto
1971 557 2127 619 plura
2169 558 2359 608 facere

344 639 433 703 (H.
471 641 527 689 1:
563 640 669 701 45).

424 721 503 768 26.
549 721 721 781 Magis
747 725 895 768 extra
918 720 1049 767 vitia
1073 734 1228 780 quam
1254 733 1374 766 cum
1400 718 1688 767 virtutibus
1717 717 1806 779 (H.
1833 718 1858 766 1
1881 735 1892 765 :
1925 716 2030 780 40).

425 801 503 848 27.
552 799 798 847 Omnium
823 813 1076 846 consensu
1101 813 1270 859 capax
1295 797 1518 859 imperii,
1543 797 1644 845 nisi
1667 797 1977 858 imperasset
2004 798 2092 857 (Η.
2120 798 2177 846 1:
2202 796 2310 861 49).

425 880 504 927 28.
551 879 718 927 Insita
751 879 1060 927 mortalibus
1094 886 1286 928 natura
1317 893 1540 941 propere
1576 878 1724 940 sequi
1759 893 1894 940 quae
1926 878 2072 941 piget
2104 878 2360 930 inchoare

346 960 435 1022 (H.
475 961 531 1007 1:
567 956 670 1019 555.

426 1040 503 1088 29.
553 1039 707 1100 Quod
728 1040 783 1088 in
806 1040 1151 1089 seditionibus
1185 1040 1396 1099 accidit,
1419 1031 1558 1089 unde
1590 1040 1769 1102 plures
1803 1045 1956 1089 erant
1988 1055 2165 1090 omues
2199 1039 2357 1090 fuere

347 1120 434 1182 (H.
470 1120 529 1167 1:
567 1119 671 1180 56).

427 1200 504 1249 30.
552 1200 803 1249 Claudius
838 1199 1031 1248 Cossus
1066 1199 1275 1248 dicendi
1306 1205 1477 1248 artem
1509 1204 1636 1262 apta
1670 1199 2017 1263 trepidatione
2061 1200 2355 1261 occultanS,

342 1287 499 1344 atque
524 1296 586 1331 eo
612 1281 831 1329 validior
858 1280 947 1342 (H.
980 1280 1035 1328 1:
1061 1279 1163 1342 69).

430 1362 506 1410 31.
557 1361 731 1410 Genus
768 1362 938 1424 ipsum
984 1360 1168 1409 orandi
1211 1361 1280 1409 ad
1324 1360 1617 1423 implendas
1656 1375 1810 1411 aures
1855 1361 2026 1411 latum
2065 1367 2119 1412 et
2159 1376 2356 1411 sonans

347 1443 439 1507 (Η.
477 1444 534 1491 1;
570 1442 674 1504 90).

429 1523 505 1572 32.
551 1522 700 1572 More
720 1524 867 1584 vulgi
887 1537 1039 1571 suum
1059 1522 1280 1584 quisque
1294 1522 1555 1584 flagitium
1573 1522 1689 1571 aliis
1707 1523 2037 1586 objectantes
2057 1522 2150 1586 (H.
2169 1522 2226 1572 2:
2243 1523 2355 1586 44).

431 1603 509 1653 33.
558 1604 843 1667 Imperium
880 1604 1211 1666 cupientibus
1245 1603 1376 1652 nihil
1409 1603 1641 1652 medium
1672 1603 1812 1654 inter
1844 1619 2050 1654 summa
2080 1612 2174 1653 aut
2207 1619 2359 1668 prae-

345 1686 526 1748 cipitia
554 1685 640 1746 (H.
664 1686 724 1732 2:
751 1685 853 1747 74).

429 1765 508 1815 34.
559 1763 698 1813 Satis
723 1764 894 1814 clarus
918 1771 997 1814 est
1020 1764 1159 1828 apud
1184 1765 1456 1815 timentem
1481 1758 1716 1829 quisquis
1740 1766 1954 1816 timetur
1981 1765 2070 1831 (H.
2093 1767 2158 1816 2:
2184 1766 2289 1830 76).
2388 1825 2396 1835 ·

428 1846 506 1895 35.
552 1845 687 1893 Nam
712 1846 800 1907 qui
824 1846 1118 1895 deliberant
1141 1846 1479 1896 desciverunt
1505 1846 1595 1909 (H.
1621 1847 1679 1896 2:
1705 1847 1809 1910 77).

428 1929 505 1978 36.
550 1927 660 1977 Nec
684 1942 914 1991 unquam
938 1929 1066 1977 satis
1088 1928 1194 1977 fida
1213 1928 1468 1992 potentia,
1491 1929 1585 1977 ubi
1606 1928 1770 1977 nimia
1792 1936 1872 1979 est
1897 1929 1986 1992 (H.
2010 1928 2068 1978 2:
2093 1929 2197 1990 92).

426 2006 503 2057 37.
549 2006 822 2070 Tanquam
848 2008 1039 2057 nimius
1062 2022 1229 2070 pavor
1251 2007 1626 2058 conscientiam
1651 2014 1898 2069 argueret
1926 2006 2008 2067 (32
2044 2005 2147 2068 10).

428 2089 504 2136 38.
549 2089 769 2137 Factum
795 2105 908 2138 esse
933 2090 1101 2137 scelus
1127 2091 1424 2150 loquuntur,
1448 2090 1758 2152 faciuntque
1785 2089 1867 2150 (3:
1902 2089 2005 2149 25).

428 2167 507 2216 39.
553 2169 812 2218 Prohibiti
836 2184 929 2232 per
953 2171 1219 2218 civitatem
1245 2185 1525 2230 sermones,
1550 2186 1715 2233 eoque
1737 2171 1915 2233 plures
1943 2170 2034 2232 (H.
2057 2168 2115 2218 3:
2139 2167 2245 2231 54).

426 2248 507 2298 40.
556 2248 660 2299 Sed
693 2249 831 2312 quod
864 2251 919 2299 in
953 2251 1213 2313 ejusmodi
1246 2252 1401 2320 rebus
1443 2253 1648 2311 accidit,
1689 2252 1966 2301 consilium
2002 2252 2069 2300 ab
2110 2242 2355 2299 omnibus

344 2329 523 2379 datum
549 2337 643 2389 est,
667 2331 958 2393 periculum
984 2332 1140 2393 pauci
1163 2347 1429 2395 sumpsere
1459 2333 1546 2392 (H.
1574 2332 1631 2381 3:
1657 2333 1762 2395 69).

426 2411 505 2460 41.
556 2411 707 2472 Quod
739 2413 792 2460 in
826 2412 1037 2475 perditis
1071 2413 1229 2462 rebus
1265 2413 1471 2471 accidit,
1506 2429 1686 2463 omnes
1721 2414 2042 2476 praecipere,
2075 2427 2229 2462 nemo
2264 2427 2356 2462 ex-

343 2494 490 2556 sequi
530 2494 620 2556 (H.
656 2493 715 2542 3:
751 2493 851 2554 73).

427 2575 506 2622 42.
552 2575 733 2637 Neque
757 2576 938 2624 alienis
963 2575 1193 2624 consiliis
1217 2575 1345 2636 regi,
1369 2589 1540 2636 neque
1563 2589 1659 2623 sua
1683 2574 1928 2636 expedire
1956 2575 2045 2634 (H.
2072 2574 2134 2623 3:
2159 2572 2263 2636 73).

425 2655 506 2704 43.
553 2656 760 2704 Bellum
782 2657 948 2717 magis
974 2656 1197 2705 desierat
1219 2670 1377 2717 quam
1400 2670 1507 2716 pax
1532 2663 1779 2716 coeperat
1805 2655 1894 2716 (H.
1920 2654 1981 2703 4:
2018 2655 2088 2715 1).

425 2735 505 2785 44.
552 2735 616 2785 In
650 2737 827 2786 turbas
863 2742 914 2785 et
949 2736 1229 2785 discordias
1264 2735 1492 2797 pessimo
1527 2735 1713 2797 cuique
1748 2734 1978 2797 plurima
2011 2735 2124 2794 vis;
2157 2749 2263 2797 pax
2298 2740 2355 2784 et

343 2818 490 2879 quies
513 2818 661 2866 bonis
685 2818 883 2866 artibus
910 2816 1143 2877 indigent
1170 2817 1257 2877 (H.
1282 2816 1313 2864 4
1335 2832 1344 2863 :
1373 2818 1443 2879 1).

425 2898 504 2946 45.
555 2897 761 2947 Scelera
817 2897 1022 2946 ostendi
1078 2902 1284 2958 oportet
1328 2896 1451 2944 dum
1499 2895 1806 2958 puniuntur,
1850 2895 2048 2959 flagitia
2103 2897 2354 2959 abscondi

346 2977 543 3040 (Germ.
580 2980 681 3041 12).
1499 2979 1505 2985 '

424 3059 503 3107 46.
552 3060 685 3109 Nam
710 3060 866 3122 primi
888 3060 942 3108 in
966 3060 1206 3108 omnibus
1230 3058 1440 3120 proeliis
1465 3058 1600 3106 oculi
1623 3059 1909 3107 vincuntur
1934 3058 2132 3120 (Germ.
2154 3057 2261 3120 43).

426 3139 503 3189 47.
549 3140 700 3190 Adeo
725 3142 947 3191 virtutes
972 3141 1156 3190 iisdem
1182 3140 1505 3202 temporibus
1540 3140 1737 3201 optime
1773 3139 2132 3197 aestimantur,
2157 3139 2352 3201 quibus

342 3217 591 3269 facillime
617 3223 904 3283 gignuntur
931 3222 1053 3283 (Ag.
1081 3222 1153 3282 1).

426 3300 505 3348 48.
552 3300 626 3349 Ut
659 3317 878 3364 corpora
917 3303 1056 3352 lente
1091 3307 1398 3363 augescunt,
1433 3301 1538 3349 cito
1584 3300 1982 3369 extinguuntur,
2018 3300 2093 3348 sic
2137 3300 2354 3362 ingenia

344 3379 618 3441 studiaque
643 3383 960 3443 oppresseris
985 3382 1209 3439 faciliuS,
1234 3396 1390 3441 quam
1415 3381 1746 3429 revocaveris
1775 3381 1897 3442 (Ag.
1925 3379 1996 3442 3).

428 3457 505 3505 49.
555 3458 758 3508 Gnarus
794 3462 890 3509 sub
923 3461 1130 3510 Nerone
1164 3467 1477 3522 temporum,
1512 3461 1702 3522 quibus
1735 3461 1926 3510 inertia
1958 3474 2055 3522 pro
2090 3460 2356 3522 sapientia

345 3534 450 3582 fuit
487 3536 609 3596 (Ag.
644 3537 715 3596 6).
