<?xml version="1.0" encoding="UTF-8"?>
<!DOCTYPE html PUBLIC "-//W3C//DTD XHTML 1.0 Transitional//EN"
    "http://www.w3.org/TR/xhtml1/DTD/xhtml1-transitional.dtd">
<html xmlns="http://www.w3.org/1999/xhtml" xml:lang="en" lang="en">
 <head>
  <title>
</title>
<meta http-equiv="Content-Type" content="text/html;charset=utf-8" />
  <meta name='ocr-system' content='tesseract 3.04.00' />
  <meta name='ocr-capabilities' content='ocr_page ocr_carea ocr_par ocr_line ocrx_word'/>
</head>
<body>
  <div class='ocr_page' id='page_1' title='image "./excerptatacitia00chamgoog_0129.png"; bbox 0 0 2738 4048; ppageno 0'>
   <div class='ocr_carea' id='block_1_1' title="bbox 747 261 1979 316">
    <p class='ocr_par' dir='ltr' id='par_1_1' title="bbox 747 261 1979 316">
     <span class='ocr_line' id='line_1_1' title="bbox 747 261 1979 316; baseline 0.006 -8"><span class='ocrx_word' id='word_1_1' title='bbox 747 261 1265 311; x_wconf 85' lang='lat' dir='ltr'><strong>HISTORIARUM</strong></span> <span class='ocrx_word' id='word_1_2' title='bbox 1307 264 1528 311; x_wconf 85' lang='lat' dir='ltr'><strong>LIBER</strong></span> <span class='ocrx_word' id='word_1_3' title='bbox 1574 265 1979 316; x_wconf 77' lang='lat' dir='ltr'>SECUNDUS.</span> 
     </span>
    </p>
   </div>
   <div class='ocr_carea' id='block_1_2' title="bbox 336 419 2255 3673">
    <p class='ocr_par' dir='ltr' id='par_1_2' title="bbox 344 419 2255 1646">
     <span class='ocr_line' id='line_1_2' title="bbox 350 419 2255 501; baseline 0.003 -21"><span class='ocrx_word' id='word_1_4' title='bbox 350 420 544 494; x_wconf 86' lang='lat' dir='ltr'>dictu,</span> <span class='ocrx_word' id='word_1_5' title='bbox 575 438 613 479; x_wconf 90' lang='lat' dir='ltr'>a</span> <span class='ocrx_word' id='word_1_6' title='bbox 650 419 1041 499; x_wconf 83' lang='lat' dir='ltr'>paucioribus</span> <span class='ocrx_word' id='word_1_7' title='bbox 1087 420 1460 481; x_wconf 82' lang='lat' dir='ltr'>Othonianis</span> <span class='ocrx_word' id='word_1_8' title='bbox 1505 443 1627 501; x_wconf 91' lang='lat' dir='ltr'>quo</span> <span class='ocrx_word' id='word_1_9' title='bbox 1668 423 1872 484; x_wconf 90' lang='lat' dir='ltr'>minus</span> <span class='ocrx_word' id='word_1_10' title='bbox 1913 425 1979 483; x_wconf 92' lang='lat' dir='ltr'>in</span> <span class='ocrx_word' id='word_1_11' title='bbox 2022 426 2255 486; x_wconf 84' lang='lat' dir='ltr'>vallum</span> 
     </span>
     <span class='ocr_line' id='line_1_3' title="bbox 348 515 2253 595; baseline 0.004 -19"><span class='ocrx_word' id='word_1_12' title='bbox 348 517 856 595; x_wconf 89' lang='lat' dir='ltr'>impingerentur,</span> <span class='ocrx_word' id='word_1_13' title='bbox 887 515 1140 575; x_wconf 82' lang='lat' dir='ltr'>Italicae</span> <span class='ocrx_word' id='word_1_14' title='bbox 1172 517 1434 594; x_wconf 79' lang='lat' dir='ltr'>legionis</span> <span class='ocrx_word' id='word_1_15' title='bbox 1464 519 1699 578; x_wconf 88' lang='lat' dir='ltr'>virtute</span> <span class='ocrx_word' id='word_1_16' title='bbox 1740 521 2026 580; x_wconf 88' lang='lat' dir='ltr'>deterriti</span> <span class='ocrx_word' id='word_1_17' title='bbox 2069 533 2253 583; x_wconf 92' lang='lat' dir='ltr'>sunt:</span> 
     </span>
     <span class='ocr_line' id='line_1_4' title="bbox 352 613 2254 697; baseline 0.003 -24"><span class='ocrx_word' id='word_1_18' title='bbox 352 634 423 673; x_wconf 84' lang='lat' dir='ltr'>ea</span> <span class='ocrx_word' id='word_1_19' title='bbox 461 614 692 672; x_wconf 89' lang='lat' dir='ltr'>strictis</span> <span class='ocrx_word' id='word_1_20' title='bbox 734 613 1128 673; x_wconf 84' lang='lat' dir='ltr'>mucronibus</span> <span class='ocrx_word' id='word_1_21' title='bbox 1171 614 1375 672; x_wconf 87' lang='lat' dir='ltr'>redire</span> <span class='ocrx_word' id='word_1_22' title='bbox 1418 617 1628 693; x_wconf 89' lang='lat' dir='ltr'>pulsos</span> <span class='ocrx_word' id='word_1_23' title='bbox 1671 628 1734 676; x_wconf 90' lang='lat' dir='ltr'>et</span> <span class='ocrx_word' id='word_1_24' title='bbox 1777 638 2050 697; x_wconf 88' lang='lat' dir='ltr'>pugnam</span> <span class='ocrx_word' id='word_1_25' title='bbox 2092 640 2254 680; x_wconf 91' lang='lat' dir='ltr'>resu-</span> 
     </span>
     <span class='ocr_line' id='line_1_5' title="bbox 347 710 2255 794; baseline 0.004 -25"><span class='ocrx_word' id='word_1_26' title='bbox 347 730 517 776; x_wconf 84' lang='lat' dir='ltr'>mere</span> <span class='ocrx_word' id='word_1_27' title='bbox 555 710 778 788; x_wconf 80' lang='lat' dir='ltr'>coegit.</span> <span class='ocrx_word' id='word_1_28' title='bbox 860 710 1182 790; x_wconf 88' lang='lat' dir='ltr'>Disposita</span> <span class='ocrx_word' id='word_1_29' title='bbox 1213 711 1693 772; x_wconf 89' lang='lat' dir='ltr'>Vitellianarum</span> <span class='ocrx_word' id='word_1_30' title='bbox 1735 714 2051 794; x_wconf 88' lang='lat' dir='ltr'>legionum</span> <span class='ocrx_word' id='word_1_31' title='bbox 2094 717 2255 778; x_wconf 87' lang='lat' dir='ltr'>acies</span> 
     </span>
     <span class='ocr_line' id='line_1_6' title="bbox 349 807 2253 888; baseline 0.003 -21"><span class='ocrx_word' id='word_1_32' title='bbox 349 808 480 868; x_wconf 89' lang='lat' dir='ltr'>sine</span> <span class='ocrx_word' id='word_1_33' title='bbox 535 807 995 886; x_wconf 82' lang='lat' dir='ltr'>trepidatione:</span> <span class='ocrx_word' id='word_1_34' title='bbox 1070 808 1298 867; x_wconf 88' lang='lat' dir='ltr'>etenim</span> <span class='ocrx_word' id='word_1_35' title='bbox 1375 829 1746 888; x_wconf 85' lang='lat' dir='ltr'>quanquam·</span> <span class='ocrx_word' id='word_1_36' title='bbox 1799 811 2007 873; x_wconf 89' lang='lat' dir='ltr'>vicino</span> <span class='ocrx_word' id='word_1_37' title='bbox 2075 814 2253 876; x_wconf 88' lang='lat' dir='ltr'>hoste</span> 
     </span>
     <span class='ocr_line' id='line_1_7' title="bbox 348 904 2252 991; baseline 0.003 -26"><span class='ocrx_word' id='word_1_38' title='bbox 348 914 631 987; x_wconf 83' lang='lat' dir='ltr'>aspectus</span> <span class='ocrx_word' id='word_1_39' title='bbox 662 923 969 963; x_wconf 89' lang='lat' dir='ltr'>armorum</span> <span class='ocrx_word' id='word_1_40' title='bbox 1002 904 1208 964; x_wconf 89' lang='lat' dir='ltr'>densis</span> <span class='ocrx_word' id='word_1_41' title='bbox 1237 906 1505 965; x_wconf 83' lang='lat' dir='ltr'>arbustis</span> <span class='ocrx_word' id='word_1_42' title='bbox 1545 907 2000 985; x_wconf 86' lang='lat' dir='ltr'>prohibebatur.</span> <span class='ocrx_word' id='word_1_43' title='bbox 2058 911 2252 991; x_wconf 85' lang='lat' dir='ltr'>Apud</span> 
     </span>
     <span class='ocr_line' id='line_1_8' title="bbox 348 1003 2255 1082; baseline 0.002 -19"><span class='ocrx_word' id='word_1_44' title='bbox 348 1003 736 1063; x_wconf 91' lang='lat' dir='ltr'>Othonianos</span> <span class='ocrx_word' id='word_1_45' title='bbox 765 1003 978 1082; x_wconf 89' lang='lat' dir='ltr'>pavidi</span> <span class='ocrx_word' id='word_1_46' title='bbox 1013 1003 1218 1077; x_wconf 78' lang='lat' dir='ltr'>duceS,</span> <span class='ocrx_word' id='word_1_47' title='bbox 1248 1004 1425 1064; x_wconf 90' lang='lat' dir='ltr'>miles</span> <span class='ocrx_word' id='word_1_48' title='bbox 1456 1006 1717 1065; x_wconf 92' lang='lat' dir='ltr'>ducibus</span> <span class='ocrx_word' id='word_1_49' title='bbox 1747 1007 2035 1082; x_wconf 86' lang='lat' dir='ltr'>infensus,</span> <span class='ocrx_word' id='word_1_50' title='bbox 2056 1008 2255 1067; x_wconf 85' lang='lat' dir='ltr'>mixta</span> 
     </span>
     <span class='ocr_line' id='line_1_9' title="bbox 345 1099 2253 1182; baseline 0.002 -21"><span class='ocrx_word' id='word_1_51' title='bbox 345 1099 632 1161; x_wconf 87' lang='lat' dir='ltr'>vehicula</span> <span class='ocrx_word' id='word_1_52' title='bbox 687 1111 752 1160; x_wconf 92' lang='lat' dir='ltr'>et</span> <span class='ocrx_word' id='word_1_53' title='bbox 806 1099 989 1173; x_wconf 82' lang='lat' dir='ltr'>lixae,</span> <span class='ocrx_word' id='word_1_54' title='bbox 1041 1111 1105 1160; x_wconf 93' lang='lat' dir='ltr'>et</span> <span class='ocrx_word' id='word_1_55' title='bbox 1152 1102 1501 1180; x_wconf 83' lang='lat' dir='ltr'>praeruptis</span> <span class='ocrx_word' id='word_1_56' title='bbox 1552 1103 1866 1182; x_wconf 89' lang='lat' dir='ltr'>utrimque</span> <span class='ocrx_word' id='word_1_57' title='bbox 1920 1105 2103 1166; x_wconf 79' lang='lat' dir='ltr'>fossis</span> <span class='ocrx_word' id='word_1_58' title='bbox 2151 1106 2253 1165; x_wconf 90' lang='lat' dir='ltr'>via</span> 
     </span>
     <span class='ocr_line' id='line_1_10' title="bbox 347 1196 2252 1277; baseline 0.001 -21"><span class='ocrx_word' id='word_1_59' title='bbox 347 1196 560 1276; x_wconf 91' lang='lat' dir='ltr'>quieto</span> <span class='ocrx_word' id='word_1_60' title='bbox 614 1216 858 1276; x_wconf 91' lang='lat' dir='ltr'>quoque</span> <span class='ocrx_word' id='word_1_61' title='bbox 917 1196 1150 1277; x_wconf 89' lang='lat' dir='ltr'>agmini</span> <span class='ocrx_word' id='word_1_62' title='bbox 1220 1209 1501 1276; x_wconf 89' lang='lat' dir='ltr'>angusta.</span> <span class='ocrx_word' id='word_1_63' title='bbox 1609 1199 2075 1261; x_wconf 83' lang='lat' dir='ltr'>Circumsistere</span> <span class='ocrx_word' id='word_1_64' title='bbox 2146 1201 2252 1259; x_wconf 91' lang='lat' dir='ltr'>alii</span> 
     </span>
     <span class='ocr_line' id='line_1_11' title="bbox 345 1294 2253 1375; baseline 0.002 -22"><span class='ocrx_word' id='word_1_65' title='bbox 345 1294 526 1373; x_wconf 91' lang='lat' dir='ltr'>signa</span> <span class='ocrx_word' id='word_1_66' title='bbox 565 1314 691 1367; x_wconf 87' lang='lat' dir='ltr'>sua,</span> <span class='ocrx_word' id='word_1_67' title='bbox 733 1313 1024 1373; x_wconf 87' lang='lat' dir='ltr'>quaerere</span> <span class='ocrx_word' id='word_1_68' title='bbox 1068 1294 1212 1368; x_wconf 91' lang='lat' dir='ltr'>alii;</span> <span class='ocrx_word' id='word_1_69' title='bbox 1253 1295 1527 1355; x_wconf 90' lang='lat' dir='ltr'>incertus</span> <span class='ocrx_word' id='word_1_70' title='bbox 1571 1298 1844 1375; x_wconf 90' lang='lat' dir='ltr'>undique</span> <span class='ocrx_word' id='word_1_71' title='bbox 1886 1298 2118 1357; x_wconf 90' lang='lat' dir='ltr'>clamor</span> <span class='ocrx_word' id='word_1_72' title='bbox 2160 1316 2253 1357; x_wconf 86' lang='lat' dir='ltr'>ac-</span> 
     </span>
     <span class='ocr_line' id='line_1_12' title="bbox 345 1391 2253 1473; baseline 0.001 -21"><span class='ocrx_word' id='word_1_73' title='bbox 345 1391 745 1464; x_wconf 86' lang='lat' dir='ltr'>currentium,</span> <span class='ocrx_word' id='word_1_74' title='bbox 777 1391 1292 1450; x_wconf 86' lang='lat' dir='ltr'>conclamantium</span> <span class='ocrx_word' id='word_1_75' title='bbox 1317 1412 1331 1451; x_wconf 91' lang='lat'>:</span> <span class='ocrx_word' id='word_1_76' title='bbox 1367 1402 1438 1452; x_wconf 94' lang='lat' dir='ltr'>ut</span> <span class='ocrx_word' id='word_1_77' title='bbox 1467 1393 1684 1473; x_wconf 92' lang='lat' dir='ltr'>cuique</span> <span class='ocrx_word' id='word_1_78' title='bbox 1715 1394 1976 1453; x_wconf 88' lang='lat' dir='ltr'>audacia</span> <span class='ocrx_word' id='word_1_79' title='bbox 2002 1394 2104 1454; x_wconf 91' lang='lat' dir='ltr'>vel</span> <span class='ocrx_word' id='word_1_80' title='bbox 2132 1394 2253 1454; x_wconf 80' lang='lat' dir='ltr'>for-</span> 
     </span>
     <span class='ocr_line' id='line_1_13' title="bbox 344 1487 2251 1570; baseline 0.001 -22"><span class='ocrx_word' id='word_1_81' title='bbox 344 1488 534 1562; x_wconf 89' lang='lat' dir='ltr'>mid0,</span> <span class='ocrx_word' id='word_1_82' title='bbox 582 1487 649 1546; x_wconf 91' lang='lat' dir='ltr'>in</span> <span class='ocrx_word' id='word_1_83' title='bbox 697 1487 960 1566; x_wconf 88' lang='lat' dir='ltr'>primam</span> <span class='ocrx_word' id='word_1_84' title='bbox 1014 1498 1469 1568; x_wconf 86' lang='lat' dir='ltr'>postremamve</span> <span class='ocrx_word' id='word_1_85' title='bbox 1515 1491 1714 1553; x_wconf 90' lang='lat' dir='ltr'>aciem</span> <span class='ocrx_word' id='word_1_86' title='bbox 1767 1491 2251 1570; x_wconf 85' lang='lat' dir='ltr'>prorumpebant</span> 
     </span>
     <span class='ocr_line' id='line_1_14' title="bbox 346 1584 936 1646; baseline -0.005 0"><span class='ocrx_word' id='word_1_87' title='bbox 346 1595 454 1646; x_wconf 90' lang='lat' dir='ltr'>aut</span> <span class='ocrx_word' id='word_1_88' title='bbox 482 1584 936 1643; x_wconf 87' lang='lat' dir='ltr'>relabebantur.</span> 
     </span>
    </p>

    <p class='ocr_par' dir='ltr' id='par_1_3' title="bbox 338 1680 2251 3298">
     <span class='ocr_line' id='line_1_15' title="bbox 424 1680 2251 1762; baseline 0.002 -22"><span class='ocrx_word' id='word_1_89' title='bbox 424 1682 522 1741; x_wconf 83' lang='lat'>42.</span> <span class='ocrx_word' id='word_1_90' title='bbox 577 1680 900 1740; x_wconf 87' lang='lat' dir='ltr'>Attonitas</span> <span class='ocrx_word' id='word_1_91' title='bbox 931 1681 1135 1740; x_wconf 89' lang='lat' dir='ltr'>subito</span> <span class='ocrx_word' id='word_1_92' title='bbox 1166 1689 1404 1743; x_wconf 90' lang='lat' dir='ltr'>terrore</span> <span class='ocrx_word' id='word_1_93' title='bbox 1435 1693 1677 1745; x_wconf 88' lang='lat' dir='ltr'>mentes</span> <span class='ocrx_word' id='word_1_94' title='bbox 1704 1684 1930 1743; x_wconf 84' lang='lat' dir='ltr'>falsum</span> <span class='ocrx_word' id='word_1_95' title='bbox 1950 1683 2251 1762; x_wconf 90' lang='lat' dir='ltr'>gaudium</span> 
     </span>
     <span class='ocr_line' id='line_1_16' title="bbox 342 1778 2248 1861; baseline 0.001 -23"><span class='ocrx_word' id='word_1_96' title='bbox 342 1779 408 1839; x_wconf 93' lang='lat' dir='ltr'>in</span> <span class='ocrx_word' id='word_1_97' title='bbox 450 1779 808 1857; x_wconf 87' lang='lat' dir='ltr'>languorem</span> <span class='ocrx_word' id='word_1_98' title='bbox 852 1778 1063 1851; x_wconf 91' lang='lat' dir='ltr'>vertit,</span> <span class='ocrx_word' id='word_1_99' title='bbox 1094 1780 1355 1858; x_wconf 88' lang='lat' dir='ltr'>repertis</span> <span class='ocrx_word' id='word_1_100' title='bbox 1399 1781 1507 1861; x_wconf 93' lang='lat' dir='ltr'>qui</span> <span class='ocrx_word' id='word_1_101' title='bbox 1550 1781 1881 1841; x_wconf 88' lang='lat' dir='ltr'>descivisse</span> <span class='ocrx_word' id='word_1_102' title='bbox 1925 1800 1961 1838; x_wconf 90' lang='lat' dir='ltr'>a</span> <span class='ocrx_word' id='word_1_103' title='bbox 1989 1780 2248 1839; x_wconf 90' lang='lat' dir='ltr'>Vitellio</span> 
     </span>
     <span class='ocr_line' id='line_1_17' title="bbox 344 1874 2248 1956; baseline 0.002 -21"><span class='ocrx_word' id='word_1_104' title='bbox 344 1876 686 1936; x_wconf 83' lang='lat' dir='ltr'>exercitum</span> <span class='ocrx_word' id='word_1_105' title='bbox 728 1874 1190 1934; x_wconf 85' lang='lat' dir='ltr'>ementirentur.</span> <span class='ocrx_word' id='word_1_106' title='bbox 1277 1876 1340 1935; x_wconf 89' lang='lat' dir='ltr'>Is</span> <span class='ocrx_word' id='word_1_107' title='bbox 1382 1898 1594 1937; x_wconf 89' lang='lat' dir='ltr'>rumor</span> <span class='ocrx_word' id='word_1_108' title='bbox 1635 1879 1711 1938; x_wconf 92' lang='lat' dir='ltr'>ab</span> <span class='ocrx_word' id='word_1_109' title='bbox 1754 1878 2248 1956; x_wconf 86' lang='lat' dir='ltr'>exploratoribus</span> 
     </span>
     <span class='ocr_line' id='line_1_18' title="bbox 344 1972 2248 2057; baseline -0.001 -20"><span class='ocrx_word' id='word_1_110' title='bbox 344 1975 588 2037; x_wconf 90' lang='lat' dir='ltr'>Vitellii</span> <span class='ocrx_word' id='word_1_111' title='bbox 631 1977 959 2057; x_wconf 79' lang='lat' dir='ltr'>dispersuS,</span> <span class='ocrx_word' id='word_1_112' title='bbox 1003 1995 1080 2035; x_wconf 92' lang='lat' dir='ltr'>an</span> <span class='ocrx_word' id='word_1_113' title='bbox 1123 1975 1186 2035; x_wconf 92' lang='lat' dir='ltr'>in</span> <span class='ocrx_word' id='word_1_114' title='bbox 1229 1972 1365 2055; x_wconf 90' lang='lat' dir='ltr'>ipsa</span> <span class='ocrx_word' id='word_1_115' title='bbox 1408 1975 1675 2035; x_wconf 90' lang='lat' dir='ltr'>Othonis</span> <span class='ocrx_word' id='word_1_116' title='bbox 1718 1983 1893 2054; x_wconf 87' lang='lat' dir='ltr'>parte</span> <span class='ocrx_word' id='word_1_117' title='bbox 1937 1994 2044 2035; x_wconf 91' lang='lat' dir='ltr'>seu</span> <span class='ocrx_word' id='word_1_118' title='bbox 2084 1975 2248 2036; x_wconf 78' lang='lat' dir='ltr'>forte</span> 
     </span>
     <span class='ocr_line' id='line_1_19' title="bbox 343 2073 2248 2153; baseline -0.001 -19"><span class='ocrx_word' id='word_1_119' title='bbox 343 2074 696 2147; x_wconf 86' lang='lat' dir='ltr'>surrexerit,</span> <span class='ocrx_word' id='word_1_120' title='bbox 725 2093 942 2153; x_wconf 89' lang='lat' dir='ltr'>parum</span> <span class='ocrx_word' id='word_1_121' title='bbox 987 2085 1395 2152; x_wconf 88' lang='lat' dir='ltr'>compertum.</span> <span class='ocrx_word' id='word_1_122' title='bbox 1478 2073 1724 2132; x_wconf 90' lang='lat' dir='ltr'>Omisso</span> <span class='ocrx_word' id='word_1_123' title='bbox 1754 2092 2001 2152; x_wconf 90' lang='lat' dir='ltr'>pugnae</span> <span class='ocrx_word' id='word_1_124' title='bbox 2031 2073 2248 2134; x_wconf 87' lang='lat' dir='ltr'>ardore</span> 
     </span>
     <span class='ocr_line' id='line_1_20' title="bbox 343 2169 2247 2250; baseline 0 -21"><span class='ocrx_word' id='word_1_125' title='bbox 343 2169 686 2230; x_wconf 90' lang='lat' dir='ltr'>Othoniani</span> <span class='ocrx_word' id='word_1_126' title='bbox 714 2171 877 2230; x_wconf 89' lang='lat' dir='ltr'>ultro</span> <span class='ocrx_word' id='word_1_127' title='bbox 908 2170 1288 2244; x_wconf 82' lang='lat' dir='ltr'>salutavere3</span> <span class='ocrx_word' id='word_1_128' title='bbox 1318 2180 1383 2230; x_wconf 93' lang='lat' dir='ltr'>et</span> <span class='ocrx_word' id='word_1_129' title='bbox 1401 2170 1616 2230; x_wconf 85' lang='lat' dir='ltr'>hostili</span> <span class='ocrx_word' id='word_1_130' title='bbox 1641 2190 1952 2250; x_wconf 80' lang='lat' dir='ltr'>murmure</span> <span class='ocrx_word' id='word_1_131' title='bbox 1984 2171 2247 2250; x_wconf 87' lang='lat' dir='ltr'>excepti,</span> 
     </span>
     <span class='ocr_line' id='line_1_21' title="bbox 340 2267 2248 2347; baseline 0.001 -21"><span class='ocrx_word' id='word_1_132' title='bbox 340 2267 649 2347; x_wconf 89' lang='lat' dir='ltr'>plerisque</span> <span class='ocrx_word' id='word_1_133' title='bbox 679 2287 928 2328; x_wconf 92' lang='lat' dir='ltr'>suorum</span> <span class='ocrx_word' id='word_1_134' title='bbox 956 2268 1187 2346; x_wconf 89' lang='lat' dir='ltr'>ignaris</span> <span class='ocrx_word' id='word_1_135' title='bbox 1224 2287 1381 2346; x_wconf 90' lang='lat' dir='ltr'>quae</span> <span class='ocrx_word' id='word_1_136' title='bbox 1424 2286 1608 2327; x_wconf 87' lang='lat' dir='ltr'>causa</span> <span class='ocrx_word' id='word_1_137' title='bbox 1650 2268 1981 2341; x_wconf 87' lang='lat' dir='ltr'>salutandi,</span> <span class='ocrx_word' id='word_1_138' title='bbox 2009 2277 2248 2328; x_wconf 86' lang='lat' dir='ltr'>metum</span> 
     </span>
     <span class='ocr_line' id='line_1_22' title="bbox 341 2364 2247 2443; baseline 0.001 -20"><span class='ocrx_word' id='word_1_139' title='bbox 341 2364 715 2443; x_wconf 84' lang='lat' dir='ltr'>proditionis</span> <span class='ocrx_word' id='word_1_140' title='bbox 756 2365 980 2425; x_wconf 77' lang='lat' dir='ltr'>fecere.</span> <span class='ocrx_word' id='word_1_141' title='bbox 1068 2365 1232 2424; x_wconf 87' lang='lat' dir='ltr'>Tum</span> <span class='ocrx_word' id='word_1_142' title='bbox 1267 2364 1551 2424; x_wconf 90' lang='lat' dir='ltr'>incubuit</span> <span class='ocrx_word' id='word_1_143' title='bbox 1580 2364 1857 2424; x_wconf 87' lang='lat' dir='ltr'>hostium</span> <span class='ocrx_word' id='word_1_144' title='bbox 1886 2364 2065 2438; x_wconf 77' lang='lat' dir='ltr'>acieS,</span> <span class='ocrx_word' id='word_1_145' title='bbox 2094 2365 2247 2426; x_wconf 90' lang='lat' dir='ltr'>inte-</span> 
     </span>
     <span class='ocr_line' id='line_1_23' title="bbox 341 2460 2248 2540; baseline 0.001 -20"><span class='ocrx_word' id='word_1_146' title='bbox 341 2460 469 2540; x_wconf 81' lang='lat' dir='ltr'>gris</span> <span class='ocrx_word' id='word_1_147' title='bbox 509 2462 845 2536; x_wconf 77' lang='lat' dir='ltr'>ordinibuS,</span> <span class='ocrx_word' id='word_1_148' title='bbox 888 2464 1108 2523; x_wconf 90' lang='lat' dir='ltr'>robore</span> <span class='ocrx_word' id='word_1_149' title='bbox 1151 2471 1215 2521; x_wconf 90' lang='lat' dir='ltr'>et</span> <span class='ocrx_word' id='word_1_150' title='bbox 1259 2480 1515 2520; x_wconf 91' lang='lat' dir='ltr'>numero</span> <span class='ocrx_word' id='word_1_151' title='bbox 1558 2461 2004 2539; x_wconf 86' lang='lat' dir='ltr'>praestantior:</span> <span class='ocrx_word' id='word_1_152' title='bbox 2055 2461 2248 2521; x_wconf 90' lang='lat' dir='ltr'>Otho—</span> 
     </span>
     <span class='ocr_line' id='line_1_24' title="bbox 340 2557 2248 2639; baseline 0.001 -22"><span class='ocrx_word' id='word_1_153' title='bbox 340 2558 529 2632; x_wconf 90' lang='lat' dir='ltr'>niani,</span> <span class='ocrx_word' id='word_1_154' title='bbox 579 2579 931 2639; x_wconf 88' lang='lat' dir='ltr'>quanquam</span> <span class='ocrx_word' id='word_1_155' title='bbox 988 2558 1267 2638; x_wconf 89' lang='lat' dir='ltr'>dispersi‚</span> <span class='ocrx_word' id='word_1_156' title='bbox 1327 2557 1669 2636; x_wconf 84' lang='lat' dir='ltr'>pauciores,</span> <span class='ocrx_word' id='word_1_157' title='bbox 1725 2557 1886 2626; x_wconf 86' lang='lat' dir='ltr'>fessi,</span> <span class='ocrx_word' id='word_1_158' title='bbox 1940 2557 2248 2634; x_wconf 89' lang='lat' dir='ltr'>proelium</span> 
     </span>
     <span class='ocr_line' id='line_1_25' title="bbox 339 2651 2244 2737; baseline -0.001 -22"><span class='ocrx_word' id='word_1_159' title='bbox 339 2651 552 2716; x_wconf 82' lang='lat' dir='ltr'>tamen</span> <span class='ocrx_word' id='word_1_160' title='bbox 601 2658 826 2717; x_wconf 90' lang='lat' dir='ltr'>acriter</span> <span class='ocrx_word' id='word_1_161' title='bbox 871 2676 1204 2737; x_wconf 87' lang='lat' dir='ltr'>sumpsere.</span> <span class='ocrx_word' id='word_1_162' title='bbox 1288 2654 1376 2713; x_wconf 89' lang='lat' dir='ltr'>Et</span> <span class='ocrx_word' id='word_1_163' title='bbox 1423 2673 1535 2732; x_wconf 87' lang='lat' dir='ltr'>per</span> <span class='ocrx_word' id='word_1_164' title='bbox 1588 2654 1757 2713; x_wconf 91' lang='lat' dir='ltr'>locos</span> <span class='ocrx_word' id='word_1_165' title='bbox 1806 2653 2124 2713; x_wconf 88' lang='lat' dir='ltr'>arboribus</span> <span class='ocrx_word' id='word_1_166' title='bbox 2173 2673 2244 2714; x_wconf 91' lang='lat' dir='ltr'>ac</span> 
     </span>
     <span class='ocr_line' id='line_1_26' title="bbox 339 2749 2243 2835; baseline -0.001 -23"><span class='ocrx_word' id='word_1_167' title='bbox 339 2753 538 2814; x_wconf 82' lang='lat' dir='ltr'>vineis</span> <span class='ocrx_word' id='word_1_168' title='bbox 587 2754 921 2835; x_wconf 89' lang='lat' dir='ltr'>impeditos</span> <span class='ocrx_word' id='word_1_169' title='bbox 976 2774 1099 2815; x_wconf 88' lang='lat' dir='ltr'>non</span> <span class='ocrx_word' id='word_1_170' title='bbox 1153 2771 1277 2811; x_wconf 89' lang='lat' dir='ltr'>una</span> <span class='ocrx_word' id='word_1_171' title='bbox 1325 2770 1569 2831; x_wconf 88' lang='lat' dir='ltr'>pugnae</span> <span class='ocrx_word' id='word_1_172' title='bbox 1619 2750 1844 2810; x_wconf 86' lang='lat' dir='ltr'>facies:</span> <span class='ocrx_word' id='word_1_173' title='bbox 1901 2749 2243 2810; x_wconf 90' lang='lat' dir='ltr'>comminus</span> 
     </span>
     <span class='ocr_line' id='line_1_27' title="bbox 340 2845 2242 2926; baseline -0.002 -17"><span class='ocrx_word' id='word_1_174' title='bbox 340 2850 597 2926; x_wconf 89' lang='lat' dir='ltr'>eminus,</span> <span class='ocrx_word' id='word_1_175' title='bbox 621 2851 886 2912; x_wconf 88' lang='lat' dir='ltr'>catervis</span> <span class='ocrx_word' id='word_1_176' title='bbox 917 2861 981 2912; x_wconf 91' lang='lat' dir='ltr'>et</span> <span class='ocrx_word' id='word_1_177' title='bbox 1010 2850 1221 2910; x_wconf 90' lang='lat' dir='ltr'>cuneis</span> <span class='ocrx_word' id='word_1_178' title='bbox 1252 2848 1733 2909; x_wconf 88' lang='lat' dir='ltr'>concurrebant:</span> <span class='ocrx_word' id='word_1_179' title='bbox 1766 2846 1832 2905; x_wconf 92' lang='lat' dir='ltr'>in</span> <span class='ocrx_word' id='word_1_180' title='bbox 1856 2866 2080 2926; x_wconf 89' lang='lat' dir='ltr'>aggere</span> <span class='ocrx_word' id='word_1_181' title='bbox 2103 2845 2242 2905; x_wconf 89' lang='lat' dir='ltr'>viae</span> 
     </span>
     <span class='ocr_line' id='line_1_28' title="bbox 340 2942 2241 3028; baseline -0.002 -22"><span class='ocrx_word' id='word_1_182' title='bbox 340 2947 568 3007; x_wconf 91' lang='lat' dir='ltr'>collato</span> <span class='ocrx_word' id='word_1_183' title='bbox 622 2949 823 3027; x_wconf 89' lang='lat' dir='ltr'>gradu</span> <span class='ocrx_word' id='word_1_184' title='bbox 878 2948 1240 3028; x_wconf 87' lang='lat' dir='ltr'>corporibus</span> <span class='ocrx_word' id='word_1_185' title='bbox 1291 2954 1355 3006; x_wconf 85' lang='lat' dir='ltr'>et</span> <span class='ocrx_word' id='word_1_186' title='bbox 1411 2945 1781 3005; x_wconf 91' lang='lat' dir='ltr'>umbonibus</span> <span class='ocrx_word' id='word_1_187' title='bbox 1827 2944 1965 3016; x_wconf 89' lang='lat' dir='ltr'>niti,</span> <span class='ocrx_word' id='word_1_188' title='bbox 2015 2942 2241 3003; x_wconf 90' lang='lat' dir='ltr'>omisso</span> 
     </span>
     <span class='ocr_line' id='line_1_29' title="bbox 338 3041 2245 3125; baseline -0.003 -23"><span class='ocrx_word' id='word_1_189' title='bbox 338 3042 607 3122; x_wconf 90' lang='lat' dir='ltr'>pilorum</span> <span class='ocrx_word' id='word_1_190' title='bbox 626 3045 803 3124; x_wconf 88' lang='lat' dir='ltr'>jactu</span> <span class='ocrx_word' id='word_1_191' title='bbox 823 3046 1045 3125; x_wconf 87' lang='lat' dir='ltr'>gladiis</span> <span class='ocrx_word' id='word_1_192' title='bbox 1074 3054 1137 3105; x_wconf 92' lang='lat' dir='ltr'>et</span> <span class='ocrx_word' id='word_1_193' title='bbox 1163 3043 1482 3103; x_wconf 88' lang='lat' dir='ltr'>securibus</span> <span class='ocrx_word' id='word_1_194' title='bbox 1508 3044 1714 3122; x_wconf 87' lang='lat' dir='ltr'>galeas</span> <span class='ocrx_word' id='word_1_195' title='bbox 1746 3041 2087 3119; x_wconf 89' lang='lat' dir='ltr'>loricasque</span> <span class='ocrx_word' id='word_1_196' title='bbox 2111 3059 2245 3118; x_wconf 87' lang='lat' dir='ltr'>per-</span> 
     </span>
     <span class='ocr_line' id='line_1_30' title="bbox 339 3137 2242 3219; baseline -0.002 -20"><span class='ocrx_word' id='word_1_197' title='bbox 339 3159 657 3219; x_wconf 85' lang='lat' dir='ltr'>rumpere:</span> <span class='ocrx_word' id='word_1_198' title='bbox 687 3151 1012 3202; x_wconf 90' lang='lat' dir='ltr'>noscentes</span> <span class='ocrx_word' id='word_1_199' title='bbox 1041 3142 1206 3200; x_wconf 91' lang='lat' dir='ltr'>inter</span> <span class='ocrx_word' id='word_1_200' title='bbox 1234 3160 1318 3215; x_wconf 94' lang='lat' dir='ltr'>se,</span> <span class='ocrx_word' id='word_1_201' title='bbox 1348 3140 1569 3200; x_wconf 90' lang='lat' dir='ltr'>ceteris</span> <span class='ocrx_word' id='word_1_202' title='bbox 1600 3137 1934 3217; x_wconf 89' lang='lat' dir='ltr'>conspicui,</span> <span class='ocrx_word' id='word_1_203' title='bbox 1964 3137 2028 3196; x_wconf 91' lang='lat' dir='ltr'>in</span> <span class='ocrx_word' id='word_1_204' title='bbox 2061 3155 2242 3196; x_wconf 88' lang='lat' dir='ltr'>even-</span> 
     </span>
     <span class='ocr_line' id='line_1_31' title="bbox 339 3238 1239 3298; baseline 0.001 -2"><span class='ocrx_word' id='word_1_205' title='bbox 339 3245 471 3296; x_wconf 89' lang='lat' dir='ltr'>tum</span> <span class='ocrx_word' id='word_1_206' title='bbox 500 3238 693 3298; x_wconf 89' lang='lat' dir='ltr'>totius</span> <span class='ocrx_word' id='word_1_207' title='bbox 721 3238 869 3298; x_wconf 90' lang='lat' dir='ltr'>belli</span> <span class='ocrx_word' id='word_1_208' title='bbox 899 3239 1239 3298; x_wconf 88' lang='lat' dir='ltr'>certabant.</span> 
     </span>
    </p>

    <p class='ocr_par' dir='ltr' id='par_1_4' title="bbox 336 3331 2239 3609">
     <span class='ocr_line' id='line_1_32' title="bbox 419 3331 2239 3412; baseline -0.002 -19"><span class='ocrx_word' id='word_1_209' title='bbox 419 3335 515 3394; x_wconf 89' lang='grc'>43.</span> <span class='ocrx_word' id='word_1_210' title='bbox 571 3335 762 3395; x_wconf 89' lang='lat' dir='ltr'>Forte</span> <span class='ocrx_word' id='word_1_211' title='bbox 791 3335 957 3395; x_wconf 90' lang='lat' dir='ltr'>inter</span> <span class='ocrx_word' id='word_1_212' title='bbox 978 3335 1223 3394; x_wconf 90' lang='lat' dir='ltr'>Padum</span> <span class='ocrx_word' id='word_1_213' title='bbox 1243 3334 1533 3412; x_wconf 87' lang='lat' dir='ltr'>viamque</span> <span class='ocrx_word' id='word_1_214' title='bbox 1560 3331 1802 3411; x_wconf 88' lang='lat' dir='ltr'>patenti</span> <span class='ocrx_word' id='word_1_215' title='bbox 1831 3351 2050 3410; x_wconf 89' lang='lat' dir='ltr'>campo</span> <span class='ocrx_word' id='word_1_216' title='bbox 2078 3331 2239 3390; x_wconf 91' lang='lat' dir='ltr'>duae</span> 
     </span>
     <span class='ocr_line' id='line_1_33' title="bbox 336 3427 2237 3511; baseline -0.002 -22"><span class='ocrx_word' id='word_1_217' title='bbox 336 3429 611 3510; x_wconf 91' lang='lat' dir='ltr'>legiones</span> <span class='ocrx_word' id='word_1_218' title='bbox 654 3452 1017 3511; x_wconf 84' lang='lat' dir='ltr'>congressae</span> <span class='ocrx_word' id='word_1_219' title='bbox 1060 3441 1221 3505; x_wconf 89' lang='lat' dir='ltr'>sunt,</span> <span class='ocrx_word' id='word_1_220' title='bbox 1263 3451 1379 3510; x_wconf 92' lang='lat' dir='ltr'>pro</span> <span class='ocrx_word' id='word_1_221' title='bbox 1422 3429 1681 3490; x_wconf 91' lang='lat' dir='ltr'>Vitellio</span> <span class='ocrx_word' id='word_1_222' title='bbox 1737 3427 2237 3502; x_wconf 87' lang='lat' dir='ltr'>unaetvicesima‚</span> 
     </span>
     <span class='ocr_line' id='line_1_34' title="bbox 337 3525 2237 3609; baseline 0 -23"><span class='ocrx_word' id='word_1_223' title='bbox 337 3528 437 3586; x_wconf 90' lang='lat' dir='ltr'>cui</span> <span class='ocrx_word' id='word_1_224' title='bbox 480 3547 823 3609; x_wconf 90' lang='lat' dir='ltr'>cognomen</span> <span class='ocrx_word' id='word_1_225' title='bbox 867 3528 1121 3609; x_wconf 83' lang='lat' dir='ltr'>Rapaci,</span> <span class='ocrx_word' id='word_1_226' title='bbox 1163 3538 1375 3589; x_wconf 89' lang='lat' dir='ltr'>vetere</span> <span class='ocrx_word' id='word_1_227' title='bbox 1416 3527 1615 3608; x_wconf 87' lang='lat' dir='ltr'>gloria</span> <span class='ocrx_word' id='word_1_228' title='bbox 1654 3525 1927 3607; x_wconf 89' lang='lat' dir='ltr'>insignis,</span> <span class='ocrx_word' id='word_1_229' title='bbox 1968 3545 2003 3586; x_wconf 95' lang='lat' dir='ltr'>e</span> <span class='ocrx_word' id='word_1_230' title='bbox 2057 3533 2237 3606; x_wconf 87' lang='lat' dir='ltr'>parte</span> 
     </span>
    </p>

    <p class='ocr_par' dir='ltr' id='par_1_5' title="bbox 1315 3625 1347 3673">
     <span class='ocr_line' id='line_1_35' title="bbox 1315 3625 1347 3673; baseline 0 0"><span class='ocrx_word' id='word_1_231' title='bbox 1315 3625 1347 3673; x_wconf 83' lang='lat'><strong>5</strong></span> 
     </span>
    </p>
   </div>
   <div class='ocr_carea' id='block_1_3' title="bbox 2278 253 2359 320">
    <p class='ocr_par' dir='ltr' id='par_1_6' title="bbox 2278 253 2359 320">
     <span class='ocr_line' id='line_1_36' title="bbox 2278 253 2359 320; baseline 0.025 -2"><span class='ocrx_word' id='word_1_232' title='bbox 2278 253 2359 320; x_wconf 85' lang='lat'>97</span> 
     </span>
    </p>
   </div>
   <div class='ocr_carea' id='block_1_4' title="bbox 2296 829 2358 875">
    <p class='ocr_par' dir='ltr' id='par_1_7' title="bbox 2296 829 2358 875">
     <span class='ocr_line' id='line_1_37' title="bbox 2296 829 2358 875; baseline 0 0"><span class='ocrx_word' id='word_1_233' title='bbox 2296 829 2358 875; x_wconf 85' lang='lat'>15</span> 
     </span>
    </p>
   </div>
   <div class='ocr_carea' id='block_1_5' title="bbox 2293 1312 2357 1357">
    <p class='ocr_par' dir='ltr' id='par_1_8' title="bbox 2293 1312 2357 1357">
     <span class='ocr_line' id='line_1_38' title="bbox 2293 1312 2357 1357; baseline 0 0"><span class='ocrx_word' id='word_1_234' title='bbox 2293 1312 2357 1357; x_wconf 90' lang='grc'>20</span> 
     </span>
    </p>
   </div>
   <div class='ocr_carea' id='block_1_6' title="bbox 2289 2573 2350 2618">
    <p class='ocr_par' dir='ltr' id='par_1_9' title="bbox 2289 2573 2350 2618">
     <span class='ocr_line' id='line_1_39' title="bbox 2289 2573 2350 2618; baseline 0.016 -1"><span class='ocrx_word' id='word_1_235' title='bbox 2289 2573 2350 2618; x_wconf 91' lang='grc'>10</span> 
     </span>
    </p>
   </div>
   <div class='ocr_carea' id='block_1_7' title="bbox 2285 3054 2347 3100">
    <p class='ocr_par' dir='ltr' id='par_1_10' title="bbox 2285 3054 2347 3100">
     <span class='ocr_line' id='line_1_40' title="bbox 2285 3054 2347 3100; baseline 0 0"><span class='ocrx_word' id='word_1_236' title='bbox 2285 3054 2347 3100; x_wconf 82' lang='grc'>15</span> 
     </span>
    </p>
   </div>
  </div>
 </body>
</html>
