2738 4048
647 244 666 260 ⁶
745 288 1261 336 msmomARUM
1304 289 1526 335 LIBER
1569 289 1901 336 TERTIUS.
2212 274 2342 338 129

335 445 510 506 cordi
564 444 847 506 custodia
888 446 1125 505 clausos
1176 445 1623 520 circumdedit3
1680 464 1893 524 eoque,
1937 446 2235 507 concubia

331 554 533 615 nocte,
552 562 694 602 suos
721 542 948 601 liberos
972 541 1234 601 Sabinus
1259 531 1324 601 et
1345 541 1777 601 Domitianum
1806 542 2018 602 fratris
2039 543 2239 603 filium
2276 558 2337 603 25

331 639 394 698 in
426 639 804 717 Capitolium
845 638 1085 711 accivit,
1113 639 1298 697 misso
1327 658 1439 716 per
1468 639 1751 718 neglecta
1789 628 1868 697 ad
1898 639 2233 701 Flavianos

332 736 518 794 duces
548 735 787 808 nunti0,
812 735 916 813 qui
945 735 1364 794 circumsideri
1394 735 1558 814 ipsos
1581 745 1659 808 et,
1680 735 1746 793 ni
1776 735 2231 809 subveniretur,

332 840 494 891 artas
548 850 647 891 res
701 831 1040 890 nuntiaret.
1124 831 1397 890 Noctem
1446 832 1601 891 adeo
1648 832 1919 910 quietam
1970 833 2117 911 egit,
2159 841 2231 891 ut

331 927 577 1006 digredi
606 928 736 987 sine
765 946 930 986 noxa
957 927 1264 1006 potuerit:
1294 929 1521 1006 quippe
1546 927 1720 986 miles
1742 928 1988 987 Vitellii
2018 928 2231 987 adver-

331 1044 431 1083 sus
459 1023 735 1101 pericula
761 1023 954 1096 ferox,
985 1023 1296 1082 laboribus
1326 1034 1389 1082 et
1418 1023 1648 1101 vigiliis
1688 1042 1907 1101 parum
1948 1023 2228 1084 intentus
2269 1038 2333 1085 30

330 1132 480 1194 erat,
510 1129 574 1179 et
602 1120 896 1179 hibernus
938 1119 1134 1203 imber
1162 1128 1421 1197 repente
1464 1119 1635 1178 fusus
1677 1120 1886 1179 oculos
1930 1139 2227 1200 auresque

329 1214 726 1295 impediebat.

412 1312 504 1371 70.
576 1311 743 1371 Luce
772 1312 973 1391 prima
1004 1305 1285 1385 SabinuS,
1318 1321 1650 1392 antequam
1679 1311 1948 1371 invicem
1976 1310 2229 1371 hostilia

328 1416 708 1486 coeptarent,
753 1410 1106 1470 Cornelium
1153 1408 1507 1468 Martialem
1551 1429 1584 1468 e
1626 1408 2106 1487 primipilaribus
2149 1407 2228 1467 ad

329 1503 658 1564 Vitellium
698 1505 886 1578 misit,
931 1525 1072 1564 cum
1112 1506 1424 1566 mandatis
1466 1514 1531 1565 et
1572 1515 1793 1584 questu
1837 1505 2003 1584 quod
2045 1512 2230 1583 pacta

328 1602 755 1662 turbarentur:
798 1602 1250 1661 simulationem
1279 1622 1528 1680 prorsus
1570 1611 1633 1661 et
1673 1601 2007 1680 imaginem
2048 1600 2230 1678 depo-

327 1698 519 1756 nendi
546 1698 786 1777 imperii
823 1698 1007 1757 fuisse
1038 1698 1114 1756 ad
1147 1698 1549 1777 decipiendos
1590 1707 1688 1757 tot
1728 1697 1996 1756 illustres
2026 1697 2227 1756 viros:
2301 1710 2333 1757 5

330 1813 439 1853 cur
467 1795 632 1853 enim
661 1813 694 1852 e
723 1794 939 1853 rostris
981 1794 1186 1855 fratris
1218 1795 1489 1867 domum,
1519 1794 1947 1853 imminentem
1987 1793 2121 1852 foro
2162 1802 2229 1853 et

328 1890 642 1950 irritandis
670 1891 991 1950 hominum
1022 1891 1230 1964 oculis,
1255 1911 1441 1971 quam
1461 1886 1849 1951 Aventinum
1880 1900 1943 1950 et
1972 1900 2227 1970 penates

332 1989 539 2050 uxoris
567 1989 869 2070 petisset?
910 1990 998 2050 ita
1027 1990 1270 2069 privato
1302 1999 1364 2051 et
1396 2010 1643 2051 omnem
1672 1989 2053 2071 principatus
2095 2009 2226 2070 spe-

330 2087 486 2148 ciem
508 2089 732 2149 vitanti
755 2090 1132 2149 convenisse.
1194 2090 1429 2150 Contra
1459 2090 1784 2151 Vitellium
1811 2090 1875 2149 in
1895 2089 2226 2162 Palatium,

328 2185 391 2244 in
447 2185 642 2265 ipsam
711 2186 955 2264 imperii
1011 2207 1212 2247 arcem
1267 2208 1653 2268 regressum3
1721 2189 1866 2249 inde
1923 2198 2228 2249 armatum
2271 2201 2331 2246 10

330 2283 549 2361 agmen
574 2282 882 2355 emissum,
908 2293 1162 2343 stratam
1191 2285 1617 2345 innocentium
1645 2287 1939 2346 caedibus
1968 2287 2226 2346 celeber-

328 2378 547 2438 rimam
605 2379 772 2439 urbis
820 2390 1082 2458 partem,
1121 2401 1198 2440 ne
1251 2382 1560 2461 Capitolio
1613 2384 1863 2462 quidem
1912 2383 2224 2443 abstineri.

329 2474 641 2553 Togatum
683 2494 904 2553 nempe
935 2495 997 2534 se
1028 2485 1091 2535 et
1120 2496 1315 2535 unum
1358 2498 1392 2536 e
1438 2479 1841 2552 senatoribuS,
1872 2479 2018 2536 dum
2062 2479 2227 2537 inter

327 2570 780 2648 Vespasianum
810 2590 880 2630 ac
910 2571 1241 2631 Vitellium
1270 2573 1519 2651 proeliis
1551 2574 1881 2652 legionum,
1906 2574 2226 2651 captivita-

329 2666 493 2727 tibus
533 2667 795 2739 urbium,
839 2667 1261 2728 deditionibus
1304 2670 1651 2728 cohortium
1683 2669 2042 2749 judicatur3
2091 2669 2225 2748 jam
2268 2684 2328 2729 15

329 2762 646 2841 Hispaniis
695 2763 1162 2843 Germaniisque
1219 2774 1283 2825 et
1339 2765 1668 2827 Britannia
1721 2766 2222 2838 desciscentibuS,

326 2859 582 2919 fratrem
627 2859 999 2938 Vespasiani
1047 2861 1342 2928 mansisse
1389 2861 1455 2921 in
1491 2862 1636 2935 fide,
1682 2864 1882 2923 donec
1931 2864 2095 2922 ultro
2141 2862 2222 2921 ad

329 2955 722 3015 condiciones
777 2965 1144 3016 vocaretur:
1202 2978 1419 3037 pacem
1475 2967 1538 3019 et
1592 2958 1991 3019 concordiam
2038 2957 2222 3018 victis

327 3050 521 3124 utilia,
543 3051 885 3111 victoribus
914 3062 1156 3112 tantum
1186 3054 1443 3132 pulchra
1471 3075 1621 3115 esse.
1695 3055 1762 3115 Si
1792 3053 2221 3114 conventionis

326 3147 660 3225 paeniteat,
679 3168 802 3206 non
826 3168 907 3221 se,
930 3168 1110 3227 quem
1134 3151 1389 3228 perfidia
1411 3152 1747 3230 deceperit,
1771 3151 1937 3209 ferro
1960 3159 2222 3228 peteret,
2266 3164 2328 3209 20

328 3263 450 3303 non
491 3243 686 3302 filium
716 3244 1082 3322 Vespasiani
1111 3246 1219 3305 vix
1247 3248 1546 3324 puberem
1564 3284 1643 3318 -÷
1664 3257 1965 3326 quantum
2009 3245 2224 3332 occisis

329 3360 450 3397 uno
493 3359 639 3398 sene
683 3349 747 3398 et
788 3360 911 3399 uno
944 3341 1178 3420 juvene
1220 3342 1706 3420 profici?—iret
1749 3343 1998 3401 obviam
2039 3342 2223 3419 legio-

325 3434 505 3494 nibus
523 3447 586 3495 et
605 3436 683 3494 de
703 3456 942 3495 summa
958 3457 1165 3496 rerum
1186 3438 1311 3497 illic
1334 3448 1632 3498 certaret:
1656 3449 1862 3498 cetera
1880 3439 2220 3498 secundum

326 3540 622 3591 eventum
660 3533 878 3611 proelii
922 3553 1183 3593 cessura.
1268 3534 1576 3613 Trepidus
1620 3536 1695 3594 ad
1739 3538 1892 3594 haec
1921 3535 2220 3595 Vitellius

1291 3631 1356 3680 6*
