2738 4048
402 277 528 343 102
1052 287 1445 337 EXOERPTA
1489 287 1916 336 TAOITIANA.

398 658 461 704 10

399 1139 461 1186 15

506 470 679 510 suam
724 450 1128 523 numerabat3
1183 457 1423 508 ceterae
1465 445 1703 526 Illyrici
1756 445 2035 524 legiones
2082 454 2408 508 secuturae

505 548 939 625 sperabantur3
968 565 1229 623 namque
1253 544 1453 627 omnis
1475 544 1780 603 exercitus
1797 544 2222 604 flammaverat
2241 564 2409 605 arro-

500 644 715 723 gantia
745 642 1129 702 venientium
1159 661 1195 700 a
1225 640 1488 700 Vitellio
1530 640 1817 712 militum,
1847 640 2014 718 quod
2042 650 2250 701 truces
2280 661 2405 700 cor·

504 760 674 820 pore,
693 739 925 798 horridi
943 758 1221 797 sermone
1243 746 1482 796 ceteros
1503 747 1572 796 ut
1590 737 1855 814 impares
1874 736 2234 796 irridebant.
2281 737 2407 797 Sed

504 837 568 895 in
591 845 766 895 tanta
789 836 950 893 mole
971 835 1118 893 belli
1137 836 1499 912 plerumque
1523 833 1871 907 cunctatim
1900 842 1965 892 et
1984 832 2406 912 Vespasianus

502 933 691 992 modo
733 932 798 989 in
840 952 1012 1010 spem
1055 943 1315 1004 erectuS,
1358 929 1691 1008 aliquando
1734 930 1997 989 adversa
2038 931 2405 1008 reputabat:

504 1029 639 1108 quis
667 1029 768 1087 ille
800 1029 930 1087 dies
958 1029 1137 1101 foret,
1169 1047 1289 1106 quo
1321 1027 1646 1106 sexaginta
1683 1027 1904 1086 aetatis
1934 1046 2126 1086 annos
2156 1037 2219 1086 et
2248 1028 2406 1087 duos

502 1125 661 1184 filios
689 1127 952 1206 juvenes
980 1125 1144 1184 bello
1173 1124 1606 1202 permitteret?
1688 1123 1840 1183 Esse
1873 1122 2135 1201 privatis
2176 1124 2407 1202 cogita-

502 1221 777 1281 tionibus
817 1241 1232 1301 progressum,
1276 1240 1408 1279 esse
1452 1239 1812 1299 regressum,
1843 1228 1924 1294 et,
1958 1228 2145 1300 prout
2187 1220 2403 1295 velint,

501 1320 641 1398 plus
670 1319 950 1378 minusve
991 1317 1152 1377 sumi
1194 1337 1270 1376 ex
1310 1316 1600 1376 fortuna:
1641 1315 1972 1395 imperium
2012 1316 2404 1397 cupientibus

501 1415 657 1474 nihil
684 1416 959 1474 medium
985 1414 1149 1473 inter
1176 1433 1418 1473 summa
1446 1423 1553 1473 aut
1580 1413 1964 1493 praecipitia.

586 1514 681 1573 75.
749 1512 1137 1573 Versabatur
1191 1520 1335 1570 ante
1404 1512 1616 1570 oculos
1672 1510 2027 1570 Germanici
2094 1512 2405 1573 exercitus

500 1610 709 1684 robur,
750 1618 969 1669 notum
1012 1609 1146 1668 viro
1187 1607 1484 1667 militari:
1527 1626 1667 1667 suas
1709 1607 1986 1686 legiones
2028 1608 2197 1667 civili
2237 1609 2403 1669 bello

500 1706 873 1786 inexpertaS,
903 1705 1149 1767 Vitellii
1175 1704 1484 1777 victriceS,
1516 1712 1581 1765 et
1609 1704 1776 1783 apud
1805 1704 2005 1765 victos
2032 1706 2172 1785 plus
2202 1704 2405 1784 queri-⁸

501 1804 849 1863 moniarum
873 1824 1057 1882 quam
1077 1801 1343 1862 virium:
1372 1801 1604 1860 fluxam
1630 1822 1743 1880 per
1764 1801 2103 1862 discordias
2129 1803 2405 1862 militum

393 1914 425 1961 5
497 1902 685 1961 fidem
716 1912 779 1960 et
806 1901 1149 1979 periculum
1183 1920 1260 1959 ex
1302 1899 1596 1979 singulis3
1638 1899 1789 1978 quid
1831 1899 1998 1958 enim
2038 1899 2400 1978 profuturas

501 1999 787 2059 cohortes
844 1997 1110 2076 alasque,
1152 1997 1203 2058 si
1253 2016 1412 2057 unus
1468 1997 1705 2057 alterve
1761 1996 2071 2077 praesenti
2123 1997 2402 2059 facinore

500 2105 787 2174 paratum
805 2114 881 2154 ex
901 2095 1146 2154 diverso
1165 2094 1508 2174 praemium
1525 2095 1744 2176 petat?
1802 2095 1906 2156 Sic
1927 2095 2401 2157 Scribonianum

502 2192 618 2251 sub
649 2191 910 2252 Claudio
949 2191 1386 2265 interfectum5
1427 2194 1514 2255 sic
1540 2214 1961 2275 percussorem
1990 2196 2120 2276 ejus
2147 2196 2404 2277 Volagi-

415 2338 421 2345 .
501 2290 675 2349 nium
705 2311 738 2350 e
766 2292 1052 2372 gregario
1082 2293 1162 2352 ad
1184 2313 1424 2353 summa
1446 2294 1704 2355 militiae
1727 2291 2128 2373 provectum:
2158 2294 2402 2356 facilius

397 2400 460 2447 10

395 3372 454 3418 10

499 2388 818 2449 universos
847 2390 1082 2471 impelli
1112 2411 1298 2470 quam
1326 2391 1602 2470 singulos
1631 2392 1837 2452 vitari.

584 2486 676 2547 76.
733 2487 850 2548 His
879 2488 1211 2568 pavoribus
1238 2499 1567 2549 nutantem
1610 2498 1674 2549 et
1718 2489 1823 2549 alii
1863 2488 2054 2569 legati
2096 2488 2400 2569 amicique

499 2583 848 2659 firmabant,
891 2594 955 2646 et
996 2586 1341 2659 Mucianus,
1377 2595 1518 2665 post
1573 2586 1804 2645 multos
1847 2596 2237 2665 secretosque
2279 2606 2401 2646 ser-

499 2702 733 2756 mones,
760 2684 891 2763 jam
912 2693 975 2742 et
994 2703 1200 2743 coram
1223 2683 1311 2742 ita
1330 2683 1576 2742 locutus
1599 2702 1611 2741 :
1642 2690 1658 2719 ‘
1679 2703 1892 2743 omnes
1911 2683 2017 2763 qui
2034 2702 2401 2763 magnarum

499 2800 710 2840 rerum
751 2781 1006 2840 consilia
1059 2780 1419 2861 suscipiunt,
1451 2779 1787 2839 aestimare
1831 2780 2065 2840 debent
2106 2800 2185 2839 an
2228 2780 2401 2859 quod

498 2876 849 2938 inchoaturi
877 2877 1250 2956 reipublicae
1275 2877 1449 2950 utile,
1471 2875 1620 2956 ipsis
1641 2876 1998 2956 gloriosum,
2022 2886 2129 2937 aut
2156 2896 2401 2955 promp-

499 2981 635 3033 tum
664 2973 891 3033 effectu
923 2985 1031 3033 aut
1059 2983 1226 3033 certe
1261 2994 1387 3033 non
1426 2974 1689 3038 arduum
1730 2972 1849 3048 sit3
1892 2973 2075 3033 simul
2098 2973 2250 3051 ipse
2292 2973 2400 3052 qui

501 3072 722 3131 suadet
751 3071 1233 3132 considerandus
1263 3080 1376 3143 est,
1403 3070 1737 3150 adjiciatne
1768 3070 2026 3130 consilio
2056 3057 2421 3149 periculum⁴

502 3186 699 3240 suum,
722 3178 803 3241 et,
827 3168 879 3227 si
906 3168 1160 3227 fortuna
1187 3159 1422 3246 coeptis
1453 3166 1718 3240 affuerit,
1742 3170 1842 3226 cui
1871 3186 2181 3226 summum
2211 3167 2401 3226 decus

502 3263 872 3343 acquiratur.
926 3264 1064 3343 Ego
1093 3275 1177 3337 te,
1195 3263 1600 3342 Vespasiane‚
1626 3263 1702 3322 ad
1732 3262 2061 3341 imperium
2084 3283 2240 3322 voco
2270 3272 2402 3323 tam

496 3360 765 3420 salutare
794 3362 1165 3441 reipublicae
1196 3381 1384 3440 quam
1411 3360 1528 3420 tibi
1557 3360 1988 3439 magnificum:
2029 3362 2211 3439 juxta
2251 3360 2402 3420 deos

500 3455 566 3514 in
596 3467 707 3516 tua
730 3477 918 3517 manu
948 3459 1218 3536 positum
1261 3466 1375 3517 est.
1456 3456 1595 3516 Nec
1636 3456 1906 3535 speciem
1949 3456 2257 3516 adulantis
2300 3475 2406 3515 ex-

504 3552 783 3631 paveris:
812 3572 850 3611 a
876 3553 1252 3613 contumelia
1272 3572 1458 3632 quam
1488 3572 1526 3612 a
1551 3552 1733 3612 laude
1762 3552 2016 3633 propius
2041 3552 2234 3612 fuerit
2259 3563 2407 3632 post
