2738 4048
350 256 480 324 134
915 264 1314 314 nxcnar'm
1356 261 1788 312 TACITIANA.

457 427 657 490 omnis
700 444 889 504 eques
931 441 1205 506 cont-om,
1249 420 1558 500 adjunctis
1600 418 1970 499 quibusdam
2012 417 2119 497 qui
2159 435 2360 496 nuper

456 525 621 604 apud
653 520 955 581 Narniam
986 518 1184 578 dediti
1211 518 1525 577 fortunam
1553 517 1823 593 partium
1860 514 2357 593 speculabantur.

458 623 719 702 Capitur
745 618 1094 697 praefectus
1137 616 1269 673 alae
1296 614 1503 673 Julius
1533 612 1904 685 Flavianus3
1946 609 2137 669 ceteri
2175 610 2360 669 foeda

453 720 606 799 fuga
674 723 1168 787 consternantur,
1223 730 1347 770 non
1405 710 1571 770 ultra
1626 708 1899 777 Fidenas
1953 707 2181 768 secutis
2236 707 2360 766 vic-

349 831 410 877 15
451 816 708 875 toribus.

509 912 603 970 80.
661 908 755 966 Eo
779 924 1061 966 successu
1091 902 1298 962 studia
1319 902 1534 980 populi
1566 909 1779 974 aucta3
1806 899 2030 977 vulgus
2052 897 2359 956 urbanum

455 1025 625 1067 arma
654 1004 833 1081 cepit.
920 1000 1147 1060 Paucis
1176 1008 1353 1058 scuta
1381 997 1691 1069 militaria,
1714 996 1939 1077 plures,
1967 994 2160 1072 raptis
2189 993 2359 1072 quod

456 1102 674 1182 cuique
719 1099 972 1159 obvium
1015 1097 1175 1170 telis,
1220 1094 1469 1173 signum
1508 1111 1756 1171 pugnae
1799 1099 2183 1169 exposcunt:
2228 1089 2360 1167 agit

454 1207 663 1278 grates
718 1196 1016 1255 Vitellius
1074 1202 1137 1253 et
1194 1192 1269 1250 ad
1329 1189 1631 1249 tuendam
1685 1188 1903 1247 urbem
1957 1203 2357 1264 prorumpere

347 1309 377 1355 5
450 1296 650 1375 jubet.
735 1292 888 1351 Mox
919 1299 1142 1351 vocato
1184 1297 1404 1349 senatu
1434 1286 1793 1364 deliguntur
1833 1283 2027 1362 legati
2070 1281 2151 1340 ad
2193 1301 2361 1339 exer-

454 1386 629 1462 citus,
672 1399 743 1450 ut
784 1396 1109 1468 praetexto
1152 1383 1527 1463 reipublicae
1585 1381 1979 1441 concordiam
2020 1397 2359 1465 pacemque

453 1489 805 1547 suaderent.
891 1484 1087 1545 Varia
1141 1483 1489 1561 legatorum
1547 1498 1679 1538 sors
1734 1477 1894 1536 fuit:
1965 1475 2066 1554 qui
2126 1474 2358 1533 Petilio

457 1584 682 1646 Ceriali
724 1591 1135 1654 occurrerant,
1164 1589 1513 1640 extremum
1543 1576 1873 1635 discrimen
1905 1574 2134 1645 adiere,
2164 1591 2361 1649 asper-

455 1690 643 1740 nante
700 1680 898 1739 milite
955 1678 1345 1738 condiciones
1403 1675 1607 1754 pacis;
1677 1672 2040 1731 vulneratur
2107 1678 2361 1747 praetor

348 1792 409 1838 10
451 1779 764 1837 Arulenus
819 1776 1153 1836 Rusticus:
1211 1774 1385 1833 auxit
1439 1772 1761 1843 invidiam,
1819 1788 2002 1847 super
2055 1767 2360 1826 violatum

455 1874 645 1953 legati
675 1873 1094 1952 praetorisque
1124 1891 1369 1942 nomen,
1400 1870 1651 1949 propria
1680 1867 1962 1948 dignatio
1991 1866 2128 1924 viri.
2218 1863 2361 1922 Pul-

454 1980 671 2030 santur
725 1969 1001 2042 comites,
1060 1968 1364 2028 occiditur
1419 1966 1738 2047 proximus
1795 1966 1994 2040 lictor,
2035 1965 2357 2024 dimovere

452 2067 701 2125 turbam
750 2085 970 2124 ausus:
1026 2074 1090 2124 et
1139 2065 1205 2123 ni
1255 2066 1405 2125 dato
1455 2084 1491 2123 a
1542 2064 1697 2124 duce
1752 2063 2061 2144 praesidio
2118 2061 2359 2122 defensi

452 2164 675 2235 forent,
721 2154 962 2221 sacrum
1009 2160 1195 2219 etiam
1240 2160 1408 2220 inter
1456 2170 1699 2221 exteras
1743 2170 1962 2241 gentes
2010 2163 2361 2240 legatorum

347 2273 409 2319 15
448 2259 568 2338 jus,
613 2267 755 2317 ante
797 2257 931 2336 ipsa
972 2258 1209 2337 patriae
1253 2258 1516 2330 moenia,
1560 2259 1760 2320 civilis
1802 2258 2005 2318 rabies
2053 2278 2247 2337 usque
2289 2258 2357 2316 in

456 2352 715 2415 exitium
743 2362 1122 2414 temerasset.
1206 2355 1623 2435 Aequioribus
1669 2355 1887 2417 animis
1930 2356 2169 2433 accepti
2211 2363 2356 2414 sunt

459 2451 565 2531 qui
607 2452 686 2510 ad
714 2450 1064 2511 Antonium
1104 2462 1424 2527 venerant,
1454 2474 1580 2513 non
1611 2455 1755 2533 quia
1792 2453 2133 2513 modestior
2160 2452 2358 2524 miles,

454 2548 562 2609 sed
594 2549 736 2609 duci
765 2550 904 2628 plus
934 2550 1340 2611 auctoritatis

538 2647 633 2706 81.
696 2645 1029 2707 Miscuerat
1071 2667 1135 2707 se
1176 2648 1400 2727 legatis
1442 2647 1769 2708 Musonius
1810 2646 2014 2708 Rufus
2056 2647 2357 2725 equestris

454 2742 707 2815 ordinis,
766 2743 1040 2803 studium
1095 2744 1519 2824 philosophiae
1591 2755 1654 2804 et
1722 2744 1949 2823 placita
2007 2743 2360 2804 Stoicorum

452 2840 832 2913 aemulatus3
888 2841 1339 2922 coeptabatque
1396 2841 1747 2921 permixtus
1803 2841 2150 2920 manipulis,
2193 2841 2358 2899 bona

452 2935 621 3014 pacis
650 2955 720 2995 ac
748 2936 895 2995 belli
924 2937 1281 2998 discrimina
1310 2940 1635 3009 disserens,
1659 2946 1926 2997 armatos
1954 2956 2224 2996 monere.
2282 2936 2358 2994 Id
2413 2995 2423 3006 ,

346 3046 378 3091 5
454 3032 761 3112 plerisque
817 3034 1104 3107 ludibrio,
1153 3035 1432 3114 pluribus
1476 3035 1727 3094 taedio:
1783 3053 1897 3093 nec
1945 3034 2203 3092 deerant
2253 3033 2359 3112 qui

453 3129 871 3207 propellerent
894 3132 1465 3210 proculcarentque,
1488 3131 1553 3190 ni
1577 3129 1901 3204 admonitu
1922 3129 2359 3189 modestissimi

454 3224 747 3304 cujusque
780 3238 842 3286 et
873 3228 1005 3288 aliis
1032 3228 1465 3287 minitantibus
1506 3227 1813 3287 omisisset
1850 3225 2360 3304 intempestivam

454 3320 839 3398 sapientiam.
927 3324 1165 3385 Obviae
1222 3324 1397 3383 fuere
1446 3333 1511 3383 et
1552 3324 1823 3403 virgines
1868 3322 2159 3382 Vestales
2218 3340 2361 3380 cum

454 3416 729 3494 epistolis
760 3420 1005 3480 Vitellii
1035 3421 1112 3479 ad
1143 3422 1492 3480 Antonium
1523 3421 1804 3499 scriptis:
1848 3419 2032 3478 eximi
2073 3437 2358 3497 supremo

348 3527 409 3573 10
453 3515 775 3574 certamini
804 3536 995 3576 unum
1025 3517 1194 3576 diem
1222 3517 1619 3595 postulabat:
1663 3517 1712 3575 si
1756 3536 1993 3576 moram
2024 3514 2360 3596 interjecis-
