2738 4048
766 275 1286 325 ffls'romARUM
1328 276 1551 322 LIBER
1597 276 1932 323 TERTIUS.
2254 262 2380 326 131

372 437 542 498 nullo
601 443 862 495 externo
912 434 1109 506 hoste,
1147 432 1460 512 propitiis,
1504 433 1554 492 si
1609 452 1721 511 per
1768 452 1972 492 mores
2027 442 2274 494 nostros

370 535 606 606 liceret,
637 531 788 604 deis,
819 530 1031 590 sedem
1070 530 1249 590 Jovis
1294 529 1534 608 Optimi
1576 530 1836 589 Maximi
1879 531 2194 609 auspicato
2237 550 2276 591 a

371 627 710 709 majoribus
754 626 980 704 pignus
1034 623 1282 702 imperii
1327 624 1665 697 conditam,
1714 644 1898 703 quam
1948 645 2073 684 non
2123 624 2272 684 Por·
2347 639 2379 686 5

372 744 580 798 senna,
611 722 827 782 dedita
866 721 1038 793 urbe,
1067 740 1268 800 neque
1298 721 1462 780 Galli
1490 729 1673 799 capta
1700 730 2003 780 temerare
2044 721 2276 800 potuis-

295 834 312 876 ‘.
374 830 529 893 sent,
556 819 766 879 furore
798 818 1146 898 principum
1189 816 1456 876 excindi.
1537 818 1800 877 Arserat
1829 828 1893 877 et
1924 828 2066 877 ante
2100 817 2278 896 Capi-

302 910 305 926 ²
373 917 595 978 tolium
642 915 811 975 civili
854 915 1039 987 bello,
1089 914 1199 973 sed
1247 913 1468 972 fraude
1518 913 1799 991 privata:
1855 934 2020 973 nunc
2068 915 2276 993 palam

374 1014 706 1086 obsessum,
729 1012 934 1091 palam
961 997 1300 1082 incensum,
1326 1009 1547 1088 quibus
1577 1029 1886 1068 armorum
1910 1011 2124 1083 causiS‚
2150 1029 2272 1088 quo

376 1119 584 1171 tantae
641 1110 833 1169 cladis
890 1108 1141 1187 pretio?
1195 1107 1375 1167 stetit
1439 1127 1553 1185 pro
1615 1107 1819 1184 patria
1886 1107 2273 1167 bellavimus,
2314 1122 2379 1167 10

379 1207 660 1266 Voverat
676 1204 1048 1284 Tarquinius
1066 1204 1316 1263 Priscus
1334 1223 1445 1261 rex
1462 1202 1628 1261 bello
1651 1201 1900 1273 Sabino,
1918 1203 2274 1281 jeceratque

374 1302 795 1374 fundamenta,
818 1320 925 1380 spe
955 1301 1151 1380 magis
1179 1290 1428 1359 futurae
1451 1297 1917 1376 magnitudinis,
1942 1316 2125 1375 quam
2150 1316 2272 1374 quo

311 1415 319 1434 ²
375 1399 653 1458 modicae
696 1399 901 1457 adhuc
942 1398 1153 1476 populi
1195 1396 1467 1456 Romani
1524 1414 1620 1453 res
1676 1394 2038 1454 sufficerent.
2120 1392 2274 1452 Mox

378 1495 627 1556 Servius
696 1495 936 1553 Tullius
1006 1494 1311 1553 sociorum
1382 1492 1612 1564 studio,
1684 1491 1830 1550 dein
1900 1489 2275 1569 Tarquinius

379 1592 693 1671 Superbus
741 1582 923 1669 capta
967 1590 1191 1650 Suessa
1238 1589 1529 1648 Pometia
1585 1589 1859 1665 hostium
1916 1587 2126 1665 spoliis
2183 1606 2281 1645 ex·
2322 1601 2381 1647 15

377 1697 645 1747 truxere.
729 1687 852 1747 Sed
893 1687 1089 1765 gloria
1122 1687 1326 1764 operis
1369 1670 1646 1746 libertati
1688 1680 2050 1743 reservatas
2081 1683 2274 1762 pulsis

375 1785 638 1863 regibuS‚
667 1783 962 1843 Horatius
991 1782 1299 1842 Pulvillus
1340 1783 1567 1842 iterum
1599 1783 1808 1841 consul
1842 1781 2174 1853 dedicavit,
2203 1799 2278 1840 ea

375 1880 850 1960 magnificentia,
880 1900 1063 1958 quam
1105 1880 1442 1938 immensae
1485 1890 1702 1958 postea
1745 1879 1960 1958 populi
2001 1876 2272 1937 Romani

378 1997 525 2058 opes
568 1986 859 2037 ornarent
899 1976 1104 2055 potius
1148 1996 1330 2056 quam
1389 1986 1708 2056 augerent.
1796 1976 2005 2037 Isdem
2063 1994 2272 2036 rursus

374 2074 652 2152 vestigiis
700 2074 887 2143 situm
936 2085 1046 2146 est,
1094 2084 1425 2152 postquam
1481 2075 1815 2154 interjecto
1867 2073 2277 2155 quadringen-
2317 2085 2382 2132 20

265 2247 282 2258 ο
375 2169 582 2231 tomm
611 2170 962 2249 quindecim
997 2190 1299 2229 annorum
1342 2172 1564 2250 spatio,
1595 2171 1664 2231 L.
1699 2173 1986 2252 Scipione
2021 2172 2082 2232 C.
2118 2172 2277 2231 Nor—

375 2267 535 2326 bano
606 2267 974 2339 consulibus,
1042 2268 1433 2346 flagraverat.
1536 2269 1761 2329 Curam
1831 2270 2034 2330 victor
2103 2269 2277 2329 Sulla

375 2363 663 2441 suscepit,
694 2382 891 2441 neque
933 2372 1143 2422 tamen
1188 2363 1538 2424 dedicavit:
1581 2367 1700 2426 hoc
1742 2368 1941 2426 solum
1982 2366 2272 2427 felicitati

377 2460 512 2538 ejus
540 2469 853 2538 negatum.
935 2458 1175 2519 Lutatii
1206 2460 1414 2520 Catuli
1443 2482 1670 2521 nomen
1714 2463 1878 2522 inter
1921 2473 2098 2522 tanta
2129 2464 2276 2522 Cae-
2366 2539 2369 2540 ⁷

376 2575 580 2615 sarum
636 2576 822 2634 opera
875 2575 1068 2635 usque
1125 2557 1205 2615 ad
1255 2556 1588 2618 Vitellium
1641 2560 1890 2617 mansit.
1974 2559 2070 2616 Ea
2122 2568 2275 2618 tunc
2316 2573 2380 2619 25

377 2652 561 2711 aedes
603 2652 1009 2712 cremabatur.

458 2749 551 2808 73.
623 2748 748 2809 Sed
801 2749 939 2827 plus
995 2749 1242 2827 pavoris
1291 2751 1553 2811 obsessis
1610 2771 1795 2830 quam
1852 2750 2275 2811 obsessoribus

375 2844 603 2915 intulit,
632 2845 860 2924 quippe
889 2845 1266 2906 Vitellianus
1309 2849 1483 2907 miles
1511 2868 1712 2927 neque
1743 2858 1879 2908 astu
1909 2868 2107 2927 neque
2138 2866 2276 2905 con-

377 2940 604 3000 stantia
624 2942 788 3001 inter
812 2942 1001 3001 dubia
1023 2943 1375 3023 indigebat:
1404 2964 1480 3004 ex
1504 2945 1748 3004 diverso
1773 2945 2001 3023 trepidi
2023 2944 2272 3016 militeS,

344 3030 353 3040 ’
379 3038 506 3097 dux
532 3039 739 3118 segnis
768 3050 832 3099 et
862 3041 1033 3101 velut
1064 3051 1282 3120 captus
1313 3042 1520 3115 animi,
1544 3063 1665 3101 non
1697 3043 1924 3120 lingua,
1954 3062 2075 3100 non
2121 3041 2271 3099 auri-

377 3132 490 3193 bus
534 3145 922 3214 competere3
963 3157 1165 3217 neque
1196 3139 1408 3197 alienis
1442 3139 1711 3198 consiliis
1740 3139 1888 3216 regi,
1920 3158 2116 3216 neque
2161 3156 2272 3196 sua
2351 3152 2381 3196 5

379 3232 669 3309 expedire
688 3252 703 3306 ;
725 3234 846 3292 huc
868 3232 1012 3293 illuc
1036 3235 1406 3294 clamoribus
1427 3235 1697 3294 hostium
1719 3234 2084 3312 circumagi3
2117 3253 2274 3312 quae

374 3327 661 3406 jusserat,
676 3338 907 3400 vetare,
924 3350 1080 3408 quae
1100 3340 1404 3402 vetuerat,
1425 3330 1640 3410 jubere
1657 3350 1671 3403 3
1694 3349 1858 3401 mox,
1875 3330 2038 3407 quod
2064 3331 2124 3389 in
2146 3349 2278 3408 per-

376 3421 527 3483 ditis
567 3426 753 3484 rebus
797 3425 1043 3499 accidit,
1085 3445 1298 3484 omnes
1341 3426 1712 3503 praecipere,
1755 3444 1936 3483 nemo
1987 3424 2274 3504 exsequi:

374 3528 709 3598 postremo,
729 3521 990 3601 abjectis
1013 3522 1215 3595 armis,
1234 3522 1452 3598 fugam
1475 3531 1539 3580 et
1560 3521 1815 3579 fallendi
1838 3532 2001 3580 artes
2024 3521 2276 3581 circum·
