2738 4048
363 223 447 287 64

360 1285 421 1330 10

1015 239 1407 287 EXCERPTA
1450 240 1804 288 TACITIAN
1803 242 1878 289 A.
1937 306 1959 320 κ

549 398 644 456 60.
715 396 842 457 Sed
912 395 1334 470 GermanicUS,
1406 397 1683 457 nondum
1752 409 2073 478 comperto
2141 403 2380 480 profec-

466 493 702 553 tionem
733 513 869 553 eam
904 492 1193 566 incusari,
1225 493 1375 553 Nilo
1418 494 1896 570 subvehebatur,
1927 516 2101 557 orsus
2144 500 2377 578 oppido

468 610 503 649 a
547 590 818 668 Canopo.
904 589 1253 649 Condidere
1304 590 1371 648 id
1417 590 1709 669 Spartani
1760 592 1840 651 ob
1890 593 2203 671 sepultum
2247 595 2376 656 illic

466 700 773 747 rectorem
828 686 1006 746 navis
1059 686 1401 765 Canopum,
1449 707 1570 766 qua
1624 698 1999 767 tempestate
2054 690 2376 751 Menelaus

469 784 791 855 Graeciam
833 793 1120 863 repetens
1152 783 1471 843 diversum
1502 785 1581 842 ad
1622 805 1793 845 mare
1838 796 2194 866 terramque
2235 787 2377 848 Lib-

467 902 611 960 yam
641 881 924 961 dejectus
955 891 1059 939 est.
1145 879 1303 939 Inde
1345 881 1699 960 proximum
1747 885 1946 943 amnis
1987 905 2057 944 os
2099 885 2375 944 dicatum

471 979 746 1049 Herculi,
779 999 961 1056 quem
992 977 1322 1057 indigenae
1354 989 1563 1040 ortum
1609 982 1774 1060 apud
1817 992 1988 1042 se‘et
2032 982 2375 1061 antiquissi-

466 1096 639 1134 mum
669 1075 1016 1154 perhibent,
1049 1096 1276 1154 eosque
1309 1076 1415 1155 qui
1457 1088 1673 1156 postea
1701 1079 1835 1157 pari
1862 1079 2098 1138 virtute
2138 1079 2372 1138 fuerint

466 1174 532 1232 in
593 1184 1077 1252 cognomentum
1136 1176 1272 1254 ejus
1331 1175 1644 1250 adscitos3
1698 1196 1845 1235 mox
1894 1176 2041 1235 visit
2088 1185 2372 1235 veterum

464 1271 819 1329 Thebarum
849 1290 1075 1349 magna
1097 1272 1381 1351 vestigia.
1443 1272 1530 1332 Et
1560 1274 1895 1332 manebant
1925 1273 2173 1333 structis
2200 1273 2373 1332 moli-

463 1369 579 1428 bus
606 1370 821 1428 literae
850 1369 1229 1447 Aegyptiae,
1260 1371 1535 1450 priorem
1566 1371 1948 1449 opulentiam
1979 1371 2371 1449 complexae3

463 1467 788 1546 jussusque
818 1485 851 1524 e
881 1466 1223 1526 senioribus
1265 1469 1662 1528 sacerdotum
1702 1467 1976 1547 patrium
2016 1488 2364 1527 sermonem

466 1565 885 1644 interpretari,
917 1565 1228 1625 referebat
1266 1565 1576 1625 habitasse
1620 1564 1932 1644 quondam
1974 1565 2372 1643 septingenta

420 1698 427 1706 ·
466 1662 635 1720 milia
693 1672 897 1722 aetate
954 1662 1230 1735 militari,
1277 1670 1465 1740 atque
1514 1681 1587 1720 eo
1647 1682 1788 1720 cum
1837 1661 2111 1720 exercitu
2159 1681 2371 1740 regem

359 1773 418 1817 15

359 2258 419 2303 20

364 3614 426 3657 10

465 1758 777 1818 Rhamsen
835 1759 1055 1837 Libya,
1116 1758 1478 1837 Aethiopia,
1533 1757 1861 1835 Medisque
1919 1766 1983 1816 et
2038 1756 2248 1816 Persis
2303 1767 2368 1816 et

466 1855 801 1916 Bactriano
868 1876 941 1915 ac
1002 1857 1238 1934 Scytha
1295 1855 1585 1934 potitum,
1645 1873 1915 1933 quasque
1970 1863 2168 1914 terras
2228 1853 2371 1931 Syri

465 1952 872 2033 Armeniique
904 1964 968 2013 et
998 1953 1282 2033 contigui
1310 1952 1708 2031 Cappadoces
1738 1952 1966 2023 colunt,
1990 1950 2133 2009 inde
2157 1949 2372 2029 Bithy-

467 2070 637 2122 num,
680 2051 826 2109 hinc
869 2050 1134 2127 Lycium
1177 2051 1256 2108 ad
1301 2069 1469 2108 mare
1512 2049 1768 2128 imperio
1811 2048 2100 2107 tenuisse.
2181 2047 2372 2125 Lege-

466 2146 695 2205 bantur
736 2156 799 2205 et
839 2146 1080 2206 indicta
1121 2146 1430 2225 gentibus
1458 2146 1709 2219 tributa,
1737 2145 1981 2224 pondus
2022 2144 2263 2223 argenti
2305 2153 2370 2203 et

463 2243 615 2316 auri,
646 2264 937 2303 numerus
988 2262 1300 2303 armorum
1346 2263 1765 2322 equorumque
1808 2251 1873 2301 et
1915 2241 2078 2300 dona
2118 2240 2370 2318 templis

467 2342 620 2400 ebur
648 2351 833 2420 atque
863 2341 1102 2414 odores,
1130 2360 1402 2419 quasque
1437 2340 1644 2418 copias
1674 2338 1968 2397 frumenti
1999 2347 2062 2397 et
2091 2338 2368 2396 omnium

468 2438 825 2497 utensilium
854 2458 1130 2519 quaeque
1152 2437 1321 2498 natio
1342 2437 1662 2517 penderet,
1682 2436 1850 2494 haud
1871 2435 2095 2521 'minus
2135 2433 2370 2512 magni-

465 2536 582 2595 fica
626 2556 813 2615 quam
860 2557 1023 2596 nunc
1065 2536 1132 2596 vi
1175 2536 1554 2595 Parthorum
1605 2544 1713 2592 aut
1760 2532 2042 2611 potentia
2084 2531 2370 2590 Romana

463 2634 785 2714 jubentur.

547 2732 641 2790 61.
716 2731 1006 2791 Ceterum
1080 2729 1487 2790 Germanicus
1550 2726 1686 2787 aliis
1747 2744 1989 2805 quoque
2053 2724 2369 2784 miraculis

465 2827 741 2888 intendit
785 2828 1077 2898 animum,
1122 2848 1383 2906 quorum
1425 2825 1759 2904 praecipua
1800 2822 1974 2882 fuere
2015 2820 2370 2880 Memnonis

465 2944 650 2984 saxea
679 2924 926 3002 effigies,
960 2925 1064 2983 ubi
1101 2924 1290 2983 radiis
1331 2923 1479 2982 solis
1521 2922 1648 2981 icta
1691 2930 1787 2980 est
1828 2919 2107 2979 vocalem
2148 2938 2369 2977 sonum

467 3021 753 3094 reddens,
785 3020 1194 3098 disjectasque
1224 3019 1390 3078 inter
1425 3029 1489 3078 et
1520 3018 1626 3077 vix
1655 3015 1900 3097 pervias
1932 3035 2145 3074 arenas
2174 3014 2367 3073 instar

469 3119 774 3177 montium
793 3119 1052 3176 eductae
1068 3116 1435 3195 Pyramides
1457 3116 1791 3175 certamine
1813 3123 1876 3173 et
1893 3112 2113 3193 opibus
2130 3131 2367 3189 regum,

466 3214 755 3293 lacusque
801 3213 1025 3273 effossa
1066 3215 1273 3284 humo,
1304 3213 1738 3291 superfluentis
1767 3212 1901 3271 Nili
1942 3208 2369 3287 receptacula3

474 3320 659 3388 atque
690 3295 836 3370 alibi
866 3311 1186 3389 angustiae
1216 3320 1280 3368 et
1308 3309 1620 3387 profunda
1651 3309 1933 3383 altitudo,
1967 3307 2149 3366 nullis
2179 3305 2372 3384 inqui-

467 3407 737 3465 rentium
780 3409 993 3485 spatiis
1021 3406 1443 3486 penetrabilis.
1528 3405 1692 3463 Exin
1723 3416 1981 3464 ventum
2012 3402 2373 3481 Elephanti-

468 3503 599 3561 nen
637 3522 708 3561 ac
759 3503 1025 3579 Syenen,
1077 3503 1345 3562 claustra
1386 3503 1534 3561 olim
1583 3500 1853 3561 Romani
1894 3500 2160 3578 imperii,
2204 3501 2366 3579 quod

470 3618 632 3656 nunc
662 3599 915 3655 rubrum
943 3600 1022 3655 ad
1050 3618 1220 3655 mare
1248 3600 1531 3675 patescit.

1630 3663 1802 3808 lt<
2017 3681 2171 3809 JK
