2738 4048
393 254 521 318 120
986 266 1379 314 ΕΧΟΕΒΡΤΑ
1423 266 1851 313 TACITIANA.

498 435 762 506 utraque
818 425 948 485 acie
1004 443 1192 497 arma,
1249 422 1480 483 creb‘ris
1535 424 2126 503 interrogationibus
2181 435 2406 488 notum

499 544 747 603 pugnae
797 524 1059 602 signum,
1101 521 1411 600 permixta
1454 522 1699 595 vexilla,
1742 531 1814 581 ut
1865 522 2123 601 quisque
2179 525 2406 602 globus

500 631 683 700 capta
711 641 788 680 ex
817 620 1096 679 hostibus
1126 620 1248 676 huc
1277 618 1378 676 vel
1419 618 1567 677 illuc
1601 619 1911 696 raptabat.
1994 618 2406 698 Urguebatur

391 733 453 778 20
494 719 762 777 maxime
792 717 1056 795 septima
1083 716 1265 792 legi0,
1287 734 1484 792 nuper
1513 733 1548 772 a
1571 714 1770 773 Galba
1799 716 2185 795 conscripta:
2217 718 2406 778 occisi

394 2090 453 2135 10

393 2574 455 2619 15

499 836 608 875 sex
649 814 989 894 primorum
1030 812 1318 870 ordinum
1362 811 1770 884 centuriones,
1799 812 2056 890 abrepta
2097 815 2409 893 quaedam

500 911 712 989 signa3
745 910 943 988 ipsam
973 908 1241 986 aquilam
1269 907 1504 966 Atilius
1532 906 1738 966 Verus
1765 907 1949 985 primi
1976 908 2090 987 pili
2120 911 2406 972 centurio

498 1008 697 1067 multa
748 1025 887 1065 cum
908 1005 1208 1064 ·hostium
1257 1014 1465 1083 strage
1508 1013 1573 1064 et
1620 1004 1701 1063 ad
1749 1013 2101 1065 extremum
2135 1008 2406 1067 moriens

500 1110 877 1163 servaverat.

581 1200 677 1258 23.
739 1196 1047 1257 Sustinuit
1076 1196 1388 1255 labentem
1421 1195 1617 1255 aciem
1648 1196 1963 1257 Antonius
1992 1197 2204 1258 accitis
2233 1217 2407 1278 prae-

499 1296 791 1370 torianis3
848 1294 954 1373 qui
998 1292 1106 1351 ubi
1155 1313 1456 1372 excepere
1503 1313 1798 1373 pugnam,
1847 1295 2092 1373 pellunt
2137 1297 2405 1370 hostem,

499 1394 642 1453 dein
663 1393 994 1472 pelluntur.
1044 1390 1331 1468 Namque
1345 1390 1674 1450 Vitelliani
1694 1399 2010 1451 tormenta
2029 1391 2093 1451 in
2113 1412 2406 1472 aggerem

479 1491 636 1551 'viae
667 1490 1079 1560 contulerant,
1102 1495 1173 1546 ut
1202 1487 1329 1546 tela
1355 1506 1553 1546 vacuo
1584 1497 1770 1567 atque
1801 1499 2018 1566 aperto
2047 1500 2405 1550 excuteren-

499 1597 621 1660 tur,
652 1587 926 1665 dispersa
952 1584 1150 1663 primo
1180 1592 1244 1642 et
1274 1584 1539 1642 arbustis
1570 1584 1700 1644 sine
1729 1585 1999 1644 hostium
2028 1605 2194 1645 noxa
2221 1587 2402 1647 illisa.

498 1682 934 1763 Magnitudine
966 1680 1191 1739 eximia
1219 1680 1472 1759 quintae
1514 1680 1809 1740 decumae
1851 1680 2114 1761 legionis
2155 1684 2405 1743 ballista

497 1779 856 1860 ingentibus
914 1779 1074 1838 saxis
1130 1777 1419 1836 hostilem
1476 1778 1671 1837 aciem
1727 1779 2095 1857 proruebat:
2153 1781 2405 1862 lateque

500 1879 738 1939 cladem
784 1877 1112 1949 intulisset,
1156 1875 1224 1935 ni
1273 1875 1398 1934 duo
1447 1875 1675 1935 milites
1724 1875 2112 1954 praeclarum
2164 1878 2405 1961 facinus

501 1978 652 2053 ausi,
697 1977 956 2056 arreptis
1000 1996 1033 2035 e
1076 1986 1280 2054 strage
1325 1973 1515 2035 scutis
1557 1974 1838 2057 ignorati,
1866 1975 2071 2036 vincla
2112 1995 2184 2037 ac
2226 1976 2408 2037 libra-

495 2084 708 2136 menta
760 2084 1075 2135 tormento
1133 2074 1555 2134 abscidissent.
1642 2073 1870 2134 Statim
1929 2074 2196 2136 confossi
2252 2084 2399 2136 sunt

501 2193 696 2252 eoque
739 2173 1107 2233 intercidere
1162 2173 1452 2233 nomina:
1509 2174 1586 2232 de
1629 2174 1793 2233 facto
1836 2174 2004 2233 haud
2048 2173 2400 2254 ambigitur.

499 2268 746 2328 Neutro
786 2270 1193 2329 inclinaverat
1233 2269 1504 2344 fortuna,
1535 2270 1734 2330 donec
1774 2270 1988 2330 adulta
2027 2279 2212 2331 nocte
2255 2272 2403 2331 luna

500 2385 758 2445 surgens
798 2366 1201 2426 obstenderet
1250 2367 1411 2426 acies
1451 2368 1830 2445 falleretque.
1917 2368 2041 2428 Sed
2084 2367 2404 2429 Flavianis

501 2463 752 2542 aequior
800 2483 836 2523 a
883 2472 1095 2543 tergo:
1151 2464 1295 2523 hinc
1341 2465 1611 2543 majores
1662 2484 1958 2544 equorum
2005 2465 2402 2543 virorumque

498 2560 772 2634 umbrae,
803 2569 866 2620 et
893 2561 1066 2634 falso,
1097 2571 1166 2620 ut
1194 2562 1257 2620 in
1290 2580 1563 2638 corpora,
1590 2561 1719 2620 ictu
1764 2562 1890 2620 tela
1929 2562 2203 2620 hostium
2244 2560 2403 2621 citra

502 2657 842 2718 cadebant:
884 2657 1209 2717 Vitelliani
1253 2657 1513 2717 adverso
1555 2657 1785 2717 lumine
1821 2657 2198 2719 collucentes
2227 2658 2403 2718 velut

501 2774 578 2813 ex
607 2756 850 2813 occulto
871 2753 1289 2832 jaculantibus
1317 2753 1550 2812 incauti
1580 2753 2017 2812 offerebantur.

580 2852 674 2910 24.
731 2849 935 2930 Igitur
962 2850 1277 2909 Antonius
1308 2850 1415 2909 ubi
1444 2869 1695 2910 noscere
1725 2870 1867 2909 suos
1895 2851 2189 2931 noscique
2230 2861 2403 2930 pote-

499 2956 616 3020 rat,
661 2947 811 3006 alios
852 2947 1089 3027 pudore
1133 2956 1197 3006 et
1237 2946 1495 3025 probriS,
1526 2947 1754 3007 multos
1796 2947 1978 3006 laude
2023 2957 2087 3007 et
2128 2948 2399 3023 hortatu,

501 3063 714 3103 omnes
744 3063 851 3122 spe
879 3043 1313 3123 promissisque
1345 3043 1710 3116 accendens,
1741 3063 1850 3102 cur
1875 3063 2086 3103 rursus
2116 3043 2402 3122 sumpsis-

499 3148 636 3198 sent
666 3159 853 3213 arma,
883 3139 1270 3200 Pannonicas
1299 3139 1574 3218 legiones
1601 3139 2065 3217 interrogabat:
2104 3140 2238 3198 illos
2267 3158 2400 3199 esse

497 3253 766 3315 campOS,
788 3237 854 3296 in
884 3231 1103 3317 quibus
1128 3237 1372 3296 abolere
1402 3236 1604 3297 labem
1626 3236 1845 3315 prioris
1876 3235 2268 3314 ignominiae,
2291 3235 2402 3295 ubi

496 3332 840 3410 reciperare
867 3334 1126 3412 gloriam
1155 3341 1426 3413 possent.
1510 3332 1673 3392 Turn
1704 3333 1783 3391 ad
1810 3330 2119 3391 Moesicos
2148 3351 2402 3391 conver-

496 3449 600 3489 sus
626 3429 936 3509 principes
964 3441 1366 3509 auctoresque
1396 3430 1542 3489 belli
1585 3429 1822 3490 ciebat:
1863 3429 2096 3489 frustra
2123 3428 2307 3488 minis
2336 3439 2401 3489 et

495 3528 701 3589 verbis
720 3538 1089 3607 provocatos
1110 3529 1500 3601 Vitellianos,
1518 3528 1569 3587 si
1590 3548 1807 3589 manus
1829 3547 2045 3589 eorum
2065 3527 2400 3607 oculosque
