2738 4048
771 286 1294 335 HistromAssUM
1339 287 1558 333 LIBER
1594 286 1728 366 ,sno
1740 287 2008 335 UNDUS.
2272 272 2399 337 109

500 447 596 506 93.
657 446 781 505 Sed
809 445 1004 518 miles,
1032 444 1232 523 plenis
1262 444 1478 504 castris
1507 454 1571 505 et
1599 444 1989 505 redundante
2018 446 2294 507 multitu-

391 543 558 616 dine,
581 542 645 601 in
674 541 1015 621 porticibus
1045 550 1150 600 aut
1180 541 1453 600 delubris
1483 552 1548 601 et
1577 542 1727 601 urbe
1758 552 1895 602 tota
1922 562 2137 621 vaguS,
2165 563 2291 604 non

389 638 697 719 principia
743 658 1016 710 noscere,
1060 658 1190 697 non
1233 657 1482 697 servare
1525 637 1784 717 vigilias,
1832 658 2032 719 neque
2081 640 2293 700 labore

389 735 618 794 firmari
644 756 658 795 :
700 755 809 814 per
851 734 1171 793 illecebras
1201 735 1367 794 urbis
1398 745 1463 795 et
1492 734 1821 795 inhonesta
1849 736 2040 810 dictu,
2071 757 2292 816 corpus

388 833 539 906 otiu,
570 833 853 891 animum.
872 830 1234 891 libidinibus
1274 831 1748 891 imminuebant.
1832 832 2183 908 PostremO,
2211 854 2290 894 ne

385 928 603 990 salutis
645 929 896 1008 quidem
947 948 1112 1002 cura,
1160 928 1491 988 infamibus
1533 928 1829 989 Vaticani
1873 930 2025 991 locis
2066 951 2293 1010 magna

387 1047 530 1105 pars
561 1026 852 1099 tetendit,
885 1026 1049 1085 unde
1079 1025 1327 1085 crebrae
1355 1025 1421 1084 in
1453 1026 1677 1105 vulgus
1706 1038 1975 1103 mortes3
2018 1039 2081 1089 et
2122 1030 2291 1109 adja-

388 1137 566 1183 cente
586 1123 820 1196 Tiberi,
835 1124 1288 1183 Germanorum
1309 1122 1754 1202 Gallorumque
1775 1125 2042 1184 obnoxia
2058 1126 2288 1186 morbis

389 1240 648 1299 corpora
666 1220 938 1280 fluminis
959 1218 1227 1278 aviditas
1249 1231 1313 1278 et
1337 1224 1544 1279 aestus
1566 1220 1956 1299 impatientia
1977 1222 2287 1282 labefecit.

386 1317 650 1397 Insuper
691 1317 983 1378 confusus
1025 1316 1340 1395 pravitate
1371 1317 1472 1376 vel
1514 1318 1754 1377 ambitu
1796 1319 1952 1378 ordo
1994 1318 2290 1379 militiae:

386 1416 655 1475 sedecim
683 1414 1049 1494 praetoriae,
1080 1423 1383 1493 quattuor
1426 1415 1696 1475 urbanae
1740 1416 2024 1475 cohortes
2066 1416 2288 1475 scribe-

384 1513 630 1597 bantur,
661 1512 797 1592 quis
825 1511 1069 1590 singula.
1097 1510 1269 1571 milia
1294 1510 1590 1573 inessent.
1674 1512 1827 1571 Plus
1855 1512 1920 1571 in
1952 1532 2024 1572 eo
2055 1512 2289 1572 dilectu

387 1609 621 1683 Valens
675 1609 961 1682 audebat,
1011 1617 1309 1687 tanquam
1364 1608 1570 1688 ipsum
1627 1608 1959 1668 Caecinam
2013 1608 2285 1687 periculo

387 1706 750 1766 exemisset:
792 1726 937 1765 sane
982 1706 1258 1765 adventu
1302 1707 1439 1786 ejus
1480 1715 1687 1784 partes
1731 1707 2193 1778 convaluerant,
2223 1715 2287 1766 et

386 1803 703 1863 sinistrum
746 1803 899 1862 lenti
941 1802 1183 1863 itineris
1226 1823 1537 1862 rumorem
1566 1822 1862 1881 prospero
1893 1802 2127 1880 proelio
2157 1821 2288 1862 ver-

385 1909 582 1960 terat:
625 1900 946 1979 omnisque
990 1899 1292 1958 inferioris
1333 1899 1704 1958 Germaniae
1747 1898 1922 1958 miles
1952 1899 2288 1958 Valentem

385 1997 823 2072 assectabatur,
878 1997 1045 2057 unde
1098 1997 1389 2076 primum·
1427 1996 1703 2057 creditur
1761 1995 2063 2057 Caecinae
2131 1995 2286 2057 fides

382 2095 675 2156 fluitasse.

464 2194 559 2252 94.
617 2193 911 2254 Ceterum
953 2213 1079 2253 non
1121 2192 1211 2251 ita
1255 2191 1516 2252 ducibus
1560 2190 1818 2251 indulsit
1861 2190 2172 2264 Vitellius,
2214 2199 2286 2250 ut

385 2310 507 2350 non
531 2292 668 2369 plus
690 2291 874 2350 militi
896 2290 1129 2350 liceret.
1190 2289 1322 2350 Sibi
1345 2289 1600 2368 quisque
1624 2289 1912 2348 militiam
1934 2307 2283 2367 sumpsere:

383 2389 664 2466 quamvis
719 2389 1030 2467 indignus,
1078 2387 1131 2447 si
1184 2386 1277 2446 ita
1330 2385 1650 2458 maluerat,
1699 2385 1970 2444 urbanae
2025 2384 2284 2445 militiae

383 2486 869 2560 asscribebatur3
910 2505 1120 2546 rursus
1155 2483 1332 2544 bonis
1376 2501 1691 2541 remanere
1719 2482 1882 2542 inter
1910 2481 2282 2560 legionarios

347 2592 491 2649 xaut
547 2586 742 2643 alares
788 2583 1140 2643 volentibus
1196 2579 1581 2659 peimissum.
1664 2578 1802 2636 Nec
1859 2577 2120 2636 deerant
2174 2577 2282 2655 qui

382 2680 633 2754 vellent,
662 2679 811 2739 fessi
839 2680 1071 2739 morbis
1114 2688 1178 2738 et
1221 2675 1657 2774 intemperiem
1698 2673 1853 2733 caeli
1893 2672 2280 2746 incusantes3

382 2777 604 2837 robora
643 2789 851 2836 tamen
893 2776 1238 2855 legionibus
1280 2776 1515 2854 alisque
1559 2773 1891 2845 subtracta,
1921 2770 2283 2829 convulsum

384 2884 725 2934 castrorum
766 2874 971 2947 decus,
1014 2872 1239 2952 viginti
1280 2873 1530 2933 milibus
1572 2891 1606 2931 e
1649 2879 1787 2931 toto
1829 2867 2108 2928 exercitu
2147 2885 2280 2945 per-

383 2969 592 3030 mixtis
633 2969 829 3049 magis
871 2990 1054 3049 quam
1097 2969 1327 3029 electis.

2365 849 2397 895 5

2334 1334 2395 1380 10

2331 1817 2392 1862 15
