2738 4048
805 244 1208 292 ANNALIUM
1252 244 1475 290 LIBER
1521 244 1923 305 sEOUNDth,
2308 226 2393 291 59

381 416 479 466 tos
503 412 670 463 artus
692 402 950 462 infensis
967 423 1210 462 rursum
1233 401 1534 474 hostibus,
1556 400 1828 460 adversis
1852 400 1948 460 dis
1968 400 2283 479 objiciant,

381 503 551 562 nulla
571 501 720 561 boni
744 521 868 578 spe.
926 500 1200 560 Classem
1224 500 1453 579 quippe
1475 508 1539 558 et
1569 498 1710 558 avia
1733 498 1965 557 Oceani
1988 498 2283 577 quaesita,

382 620 460 659 ne
505 599 639 678 quis
680 597 1074 657 venientibus
1124 606 1497 669 occurreret,
1546 615 1624 654 ne
1681 596 1887 674 pulsos
1936 605 2285 673 premeret:

383 699 492 757 sed
516 696 619 756 ubi
647 694 1006 754 miscuerint
1044 714 1281 767 manus,
1310 682 1495 752 inane
1527 693 1712 753 victis
1741 702 2069 752 ventorum
2097 712 2289 754 remo·
2330 709 2390 754 10

380 813 598 867 ‘rumve
628 792 988 853 subsidium.
1064 790 1499 850 Meminissent
1528 791 1715 848 modo
1740 789 2055 863 avaritiae,
2075 791 2286 849 crude-

383 892 594 964 litatis,
651 889 1007 970 superbiae:
1066 888 1234 946 aliud
1291 887 1410 946 sibi
1466 887 1772 966 reliquum
1830 907 2014 966 quam
2068 896 2283 946 tenere

384 989 735 1047 libertatem
778 996 885 1046 aut
925 985 1083 1045 mori
1127 996 1271 1044 ante
1313 984 1682 1043 servitium?
2244 966 2404 1049 Q'ucl
2463 986 2488 1043 Ll
2533 964 2652 1049 iu„

466 1086 558 1144 16.
631 1085 736 1144 Sic
764 1103 1052 1144 accensos
1087 1093 1152 1143 et
1190 1081 1494 1161 proelium
1533 1090 1856 1159 poscentes
1882 1080 1948 1139 in
1980 1100 2284 1160 campum,

384 1181 483 1240 cui
513 1181 840 1243 Idisiaviso
871 1201 1113 1255 nomen,
1138 1179 1471 1239 deducunt.
1530 1177 1591 1237 Is
1616 1178 1856 1237 medius
1883 1178 2048 1237 inter
2071 1178 2286 1238 Visur-

382 1278 513 1357 gim
543 1288 606 1338 et
635 1279 841 1351 colles,
871 1287 942 1338 ut
969 1277 1138 1356 ripae
1167 1275 1441 1336 fluminis
1473 1275 1704 1335 cedunt
1735 1285 1841 1335 aut
1869 1274 2285 1354 prominentia

381 1376 686 1435 montium
715 1376 1027 1450 resistunt,
1049 1374 1457 1454 inaequaliter
1489 1372 1783 1432 sinuatur.
1841 1372 2017 1431 Pone
2040 1383 2283 1451 tergum

379 1472 738 1552 insurgebat
780 1473 954 1546 silva,
991 1473 1177 1533 editis
1218 1474 1280 1532 in
1326 1475 1523 1532 altum
1568 1473 1752 1530 ramis
1797 1483 1860 1531 et
1900 1492 2057 1551 pura
2097 1474 2285 1531 humo
2357 1487 2389 1532 5

380 1568 545 1629 inter
589 1571 877 1629 arborum
921 1579 1191 1630 truncos.
1276 1571 1577 1649 Campum
1631 1579 1695 1629 et
1742 1570 1944 1647 prima
1990 1570 2284 1629 silvarum

384 1667 645 1725 barbara
687 1667 848 1726 acies
894 1668 1138 1727 tenuit:
1181 1668 1295 1727 soli
1340 1668 1633 1728 Cherusci
1669 1667 1826 1746 juga
1866 1666 2169 1739 insedere,
2211 1677 2285 1727 ut

387 1763 830 1841 proeliantibus
882 1763 1182 1824 Romanis
1240 1765 1503 1843 desuper
1557 1765 1966 1823 incurrerent.
2049 1762 2283 1823 Noster

387 1860 688 1919 exercitus
732 1861 819 1920 sic
861 1861 1151 1921 incessit:
1195 1861 1520 1920 auxiliares
1558 1861 1718 1919 Galli
1761 1858 2174 1938 Germanique
2215 1860 2280 1918 in

381 1956 606 2031 fronte,
635 1967 776 2036 post
815 1979 967 2038 quos
1011 1940 1636 2038 pedites‘sagittarin
1681 1958 1823 2016 dein
1874 1966 2167 2037 quattuor
2209 1958 2288 2016 le-
2329 1973 2388 2017 10

383 2054 598 2132 giones
627 2064 691 2114 et
722 2075 861 2114 cum
892 2057 1130 2115 duabus
1160 2057 1482 2134 praetoriis
1526 2058 1879 2117 cohortibus
1924 2078 1993 2117 ac
2036 2058 2281 2118 delecto

381 2151 588 2229 equite
620 2153 878 2226 Caesar3
922 2153 1063 2211 exin
1094 2153 1361 2212 totidem
1402 2154 1555 2213 aliae
1587 2155 1861 2233 legiones
1891 2166 1953 2216 ct
1997 2156 2151 2216 levis
2194 2177 2284 2216 ar-

379 2259 624 2306 matura
693 2269 833 2308 cum
902 2250 1109 2328 equite
1179 2250 1499 2328 sagittario
1557 2262 1920 2332 ceteraeque
1977 2257 2283 2315 sociorum

383 2345 688 2404 cohortes,
772 2345 1058 2406 Intentus
1087 2358 1458 2427 paratusque
1492 2349 1684 2424 miles,
1715 2359 1786 2411 ut
1826 2354 1979 2412 ordo
2019 2352 2281 2433 agminis

379 2440 443 2498 in
476 2442 669 2500 aciem
699 2443 1028 2502 assisteret.
2326 2464 2386 2508 15

465 2538 558 2597 17.
630 2538 799 2598 Visis
832 2539 1280 2601 Cheruscorum
1320 2544 1604 2618 caterviS,
1636 2566 1791 2626 quae
1833 2568 1943 2627 per
1985 2548 2282 2607 ferociam

379 2644 808 2713 proruperant,
877 2637 1287 2698 validissimos
1362 2642 1642 2719 equitum
1713 2645 2025 2703 incurrere
2099 2643 2278 2716 latuS‚

383 2731 749 2790 Stertinium
799 2752 940 2791 cum
989 2735 1208 2794 ceteris
1259 2737 1481 2798 turmis
1531 2741 1938 2820 circumgredi
1982 2750 2280 2820 tergaque

378 2826 673 2885 invadere
719 2828 920 2905 jubet,
973 2829 1103 2908 ipse
1158 2832 1222 2891 in
1285 2843 1566 2914 tempore
1626 2838 1949 2898 affuturus.
2033 2837 2283 2896 Interea

378 2923 858 3001 pulcherrimum
891 2928 1237 3005 augurium,
1270 2943 1412 2992 octo
1454 2935 1692 3013 aquilae
1736 2945 1947 3014 petere
1990 2935 2176 2994 silvas
2217 2943 2281 2993 et
2357 2948 2387 2993 5

378 3019 607 3079 intrare
633 3020 798 3079 visae
822 3021 1263 3101 imperatorem
1288 3030 1634 3090 advertere.
1704 3032 2058 3090 Exclamat:
2101 3032 2279 3104 irent,

379 3127 780 3194 sequerentur
809 3118 1125 3182 Romanas
1169 3144 1332 3198 aves,
1362 3127 1613 3205 propria
1653 3128 1965 3205 legionum
2009 3128 2279 3186 numina.

382 3212 579 3271 Simul
607 3215 912 3292 pedestris
945 3218 1105 3278 acies
1134 3220 1396 3280 infertur
1424 3233 1487 3282 et
1516 3225 1881 3301 praemissus
1924 3244 2107 3303 eques
2149 3245 2283 3303 pos-

378 3318 607 3368 tremos
630 3329 701 3369 ac
730 3312 926 3372 latera
955 3302 1630 3418 impulitaKMii-umquc
1655 3320 1845 3393 dictu,
1867 3321 1988 3379 duo
2013 3321 2280 3380 hostium
2419 3333 2448 3396 ,ιζ
2517 3315 2584 3396 ‘2'

379 3407 628 3484 agmina
675 3409 920 3469 diversa
962 3411 1129 3490 fuga,
1161 3413 1264 3491 qui
1309 3414 1528 3472 silvam
1571 3425 1916 3488 tenuerant,
1946 3419 2008 3475 in
2053 3428 2284 3496 aperta,
2328 3433 2388 3477 10

380 3502 484 3580 qui
519 3504 752 3583 campis
783 3506 1129 3582 astiterant,
1159 3508 1223 3567 in
1254 3510 1472 3569 silvam
1516 3513 1796 3572 ruebant.
1880 3513 2076 3575 Medii
2118 3514 2282 3575 inter
