2738 4048
732 297 1249 346 HISTORIARUM
1291 299 1513 346 LIBER
1558 300 1891 348 Tannus.
2188 281 2315 346 123

388 454 485 513 28.
557 452 860 514 Hormine
915 455 981 514 id
1036 456 1378 535 ingenium,
1420 465 1492 517 ut
1532 456 1826 516 Messalla
1875 456 2085 529 tradit,
2129 475 2207 515 an

306 547 514 624 potior
541 557 758 607 auctor
786 548 866 608 sit
889 550 957 610 O.
980 549 1237 625 Plinius,
1262 551 1365 630 qui
1387 551 1733 610 Antonium
1762 551 2018 623 incusat,
2040 551 2208 610 haud

305 642 490 702 facile
541 643 956 719 discreverim,
1002 647 1119 705 nisi
1175 649 1340 726 q'uod
1398 667 1597 727 neque
1641 647 1954 707 Antonius
2003 667 2204 725 neque

307 738 583 812 Hormus
626 760 662 799 a
700 742 867 801 fama
894 744 1145 822 vitaque
1186 763 1298 805 sua
1340 745 1621 824 quamvis
1662 745 1926 824 pessimo
1966 744 2204 823 flagitio

307 836 783 915 degeneravere.
866 838 1014 898 Non
1055 841 1187 919 jam
1222 841 1475 920 sanguis
1503 862 1704 921 neque
1732 842 1987 901 vulnera
2013 861 2208 901 morae·
2279 855 2310 901 5

306 932 534 993 bantur
583 934 729 1013 quin
778 935 1146 997 subruerent
1194 938 1428 997 vallum
1482 947 1927 1017 quaterentque
1972 947 2203 1017 portas,

304 1028 504 1090 innixi
525 1030 796 1090 humeris
826 1040 890 1093 et
917 1051 1101 1111 super
1126 1033 1418 1094 iteratam
1436 1035 1815 1095 testudinem
1837 1035 2203 1094 scandentes

302 1137 668 1204 prensarent
693 1127 965 1188 hostium
1008 1130 1137 1189 tela
1175 1130 1582 1211 brachiaque:
1623 1131 1849 1209 integri
1892 1150 2032 1190 cum
2073 1150 2205 1190 sau-

306 1223 435 1296 ciis,
458 1223 793 1284 semineces
821 1244 963 1285 cum
986 1225 1438 1304 exspirantibus
1456 1229 1815 1301 volvuntur,
1837 1227 2009 1288 varia
2034 1246 2205 1307 pere-

305 1319 552 1380 untium
580 1320 781 1381 forma
808 1331 872 1381 et
901 1322 1069 1383 omni
1097 1323 1365 1403 imagine
1394 1325 1709 1384 mortium.
2243 1346 2305 1394 10

387 1418 483 1478 29.
537 1417 929 1477 Acerrimum
955 1419 1177 1480 tertiae
1205 1421 1628 1500 septimaeque
1669 1421 1983 1499 legionum
2011 1428 2206 1479 certa-

304 1534 483 1588 men3
513 1524 577 1575 et
605 1515 733 1574 dux
759 1515 1074 1583 Antonius
1103 1535 1244 1575 cum
1271 1517 1528 1577 delectis
1558 1516 1953 1576 auxiliaribus
1981 1517 2204 1577 eodem

303 1611 685 1672 incubuerat.
770 1611 1135 1673 Obstinatos
1175 1613 1339 1673 inter
1380 1634 1446 1674 se
1488 1633 1629 1672 cum
1671 1613 1973 1673 sustinere
2005 1614 2202 1674 Vitel-

303 1709 457 1769 liani
497 1709 823 1788 nequirent
850 1718 914 1769 et
942 1710 1290 1789 superjacta
1316 1711 1444 1771 tela
1470 1711 1783 1770 testudine
1826 1711 2199 1783 laberentur,

302 1805 502 1886 ipsam
528 1817 841 1884 postremo
868 1807 1179 1866 ballistam
1205 1807 1270 1867 in
1297 1808 1634 1868 subuentes
1673 1808 2016 1887 propulere,
2047 1826 2202 1885 quae
2276 1821 2309 1868 5

303 1912 378 1963 ut
420 1903 501 1962 ad
543 1923 834 1982 praesens
883 1904 1131 1983 disjecit
1185 1905 1513 1984 obruitque
1558 1925 1709 1984 quos
1750 1905 2069 1977 inciderat,
2112 1904 2205 1965 ita

302 1998 525 2080 pinnas
568 2019 638 2060 ac
679 2019 917 2061 summa
944 2001 1093 2061 valli
1132 2002 1309 2062 ruina
1349 2022 1461 2063 sua
1499 2001 1728 2076 traxit3
1770 2001 1951 2063 simul
1982 2001 2205 2082 juncta

304 2098 490 2158 turris
518 2097 741 2158 ictibus
770 2117 1055 2158 saxorum
1086 2099 1286 2173 cessit,
1311 2119 1433 2178 qua
1462 2099 1788 2180 septimani
1817 2100 1966 2158 dum
1994 2099 2201 2159 nitun-

303 2203 408 2253 tur
447 2193 673 2268 cuneis,
702 2194 1006 2255 tertianus
1047 2196 1363 2255 securibus
1405 2196 1746 2274 gladiisque
1786 2205 2033 2276 portam
2072 2215 2205 2275 per-

303 2290 515 2371 fregit.
599 2290 882 2351 Primum
911 2290 1199 2371 irrupisse
1227 2294 1299 2354 C.
1330 2293 1664 2353 Volusium
1691 2294 1914 2355 tertiae
1943 2293 2206 2374 legionis
2247 2309 2309 2355 10

304 2388 568 2448 militem
616 2387 782 2448 inter
824 2408 1037 2448 omnes
1082 2399 1367 2449 auctores
1420 2399 1704 2450 constat:
1758 2391 1811 2450 is
1858 2391 1923 2450 in
1966 2392 2202 2451 vallum
2270 2379 2278 2385 ³

305 2504 602 2565 egressus,
625 2484 971 2546 deturbatis
993 2485 1099 2565 qui
1127 2486 1503 2559 restiterant,
1524 2487 1888 2564 conspicuus
1916 2506 2102 2547 manu
2132 2507 2204 2547 ac

304 2602 458 2642 voce
514 2593 697 2661 capta
750 2592 953 2643 castra
1006 2582 1463 2656 conclamavit3
1519 2582 1709 2642 ceteri
1761 2582 2021 2659 trepidis
2065 2584 2202 2663 jam

305 2677 664 2740 Vitellianis
720 2699 906 2758 seque
949 2699 983 2739 e
1024 2680 1189 2739 vallo
1243 2678 1794 2758 praecipitantibus
1848 2699 2199 2759 perrupere.

306 2775 670 2857 Completur
697 2776 886 2837 caede
917 2786 1220 2856 quantum
1244 2775 1410 2836 inter
1437 2785 1639 2837 castra
1664 2797 1993 2856 murosque
2022 2776 2205 2837 vacui
2245 2791 2308 2837 15

302 2871 443 2933 fuit.

386 2971 482 3029 30.
537 2971 639 3031 Ac
691 2991 902 3032 rursus
955 2991 1121 3033 nova
1173 2971 1457 3032 laborum
1511 2971 1732 3032 facies:
1788 2971 1981 3031 ardua
2034 2970 2202 3030 urbis

303 3067 568 3142 moenia,
599 3088 818 3129 saxeae
849 3075 1067 3142 turres,
1097 3069 1306 3129 ferrati
1345 3079 1668 3148 portarum
1698 3068 1920 3142 obices,
1948 3068 2200 3128 vibrans

302 3164 452 3223 tela‘
469 3165 667 3239 miles,
694 3166 982 3245 frequens
1025 3165 1480 3244 obstrictusque
1524 3164 1882 3225 Vitellianis
1922 3164 2203 3242 partibus

306 3258 739 3322 Cremonensis
768 3263 1047 3341 populus,
1075 3282 1303 3341 magna
1329 3282 1472 3341 pars
1500 3260 1720 3321 Italiae
1762 3270 1927 3320 stato
1969 3260 2030 3319 in
2078 3279 2205 3319 eos-
2279 3329 2284 3334 ‚

304 3354 446 3414 dem
475 3357 609 3418 dies
636 3369 913 3419 mercatu
943 3369 1334 3439 congregata,
1364 3358 1528 3439 quod
1568 3356 1995 3418 defensoribus
2036 3355 2202 3416 auxi·
2278 3370 2309 3416 5

303 3449 457 3510 lium
484 3453 565 3512 ob
593 3455 1075 3529 multitudinem,
1098 3455 1598 3535 oppugnantibus
1627 3455 2099 3514 incitamentum
2122 3454 2203 3514 ob

303 3549 600 3628 praedam
628 3560 778 3613 erat.
860 3551 1025 3632 Rapi
1066 3552 1242 3632 ignes
1270 3551 1586 3613 Antonius
1626 3550 1961 3632 inferrique
2005 3569 2206 3612 amoe-
