2738 4048
808 293 1319 341 ffls‘romARUM
1364 295 1586 342 LIBER
1631 297 1964 345 TERTms.
2152 294 2153 297 ’
2261 284 2386 349 111

381 469 770 529 vacuumque
800 450 1117 529 Illyricum
1147 472 1335 511 mare.
1423 452 1591 524 Quid
1635 461 1769 511 tum
1811 455 2077 515 claustra
2116 477 2286 516 mon-

383 549 539 607 tium
568 548 937 627 profutura?
980 549 1128 627 quid
1172 557 1443 608 tractum
1483 549 1547 607 in
1593 559 1892 610 aestatem
1937 553 2120 611 aliam
2161 554 2285 612 bel·
2328 568 2387 614 15

382 646 559 705 lum?
614 646 779 704 unde
835 645 1087 705 interim
1141 646 1469 725 pecuniam
1527 656 1592 706 et
1648 651 2076 708 commeatus?
2132 651 2281 728 quin

383 743 590 823 potius
632 761 706 801 eo
747 741 883 820 ipso
939 751 1279 816 uterentur,
1324 744 1491 822 quod
1537 745 1931 804 Pannonicae
1986 746 2281 825 legioneS,

385 840 682 918 deceptae
730 838 929 917 magis
977 859 1162 917 quam
1212 839 1435 913 victae,
1481 861 1801 920 resurgere
1857 843 1921 900 in
1977 843 2282 903 ultionem

383 945 736 1016 properent,
766 934 1027 995 Moesici
1069 936 1376 996 exercitus
1418 936 1693 1016 integras
1735 938 1897 998 vires
1939 940 2281 1001 attulerint.

388 1034 455 1094 Si
505 1052 797 1092 numerus
841 1032 1110 1091 militum
1162 1034 1366 1111 potius
1418 1054 1603 1113 quam
1650 1035 1965 1115 legionum
2011 1047 2284 1115 putetur,
2326 1054 2389 1099 20

382 1132 520 1210 plus
547 1129 693 1189 hinc
721 1129 977 1202 roboriS‚
1007 1130 1162 1188 nihil
1192 1130 1516 1190 libidinum
1544 1151 1560 1206 ;
1590 1141 1654 1192 et
1683 1133 1987 1212 profuisse
2019 1135 2283 1213 discipli-

382 1247 499 1286 nae
554 1227 755 1305 ipsum
805 1226 1148 1304 pudorem:
1208 1227 1446 1306 equites
1500 1248 1649 1288 vero
1705 1249 1783 1288 ne
1839 1239 1975 1289 tum
2031 1231 2282 1309 quidem

383 1325 596 1397 victOS,
625 1324 733 1383 sed
764 1342 1114 1402 quanquam
1143 1323 1324 1383 rebus
1363 1324 1639 1384 adversis
1681 1326 2009 1406 disjectam
2039 1327 2282 1387 Vitellii

384 1422 613 1481 aciem:
655 1421 848 1479 ‘duae
889 1418 1466 1480 tunc'Pannonicae
1509 1442 1580 1482 ac
1622 1421 1932 1483 Moesicae
1978 1424 2107 1483 alae
2151 1445 2282 1503 per-

382 1539 602 1597 rupere
631 1520 914 1577 hostem:
958 1538 1122 1578 nunc
1155 1519 1425 1577 sedecim
1464 1521 1697 1578 alarum
1733 1521 2062 1600 conjuncta
2104 1522 2282 1601 signa
2323 1538 2385 1583 25

384 1618 580 1696 pulsu,
606 1617 950 1694 sonituque,
975 1625 1038 1675 et
1065 1616 1228 1683 nube
1260 1616 1409 1694 ipsa,
1431 1617 1714 1695 operient
1736 1638 1806 1678 ac
1828 1619 2281 1697 superfundent

384 1714 609 1773 oblitos
637 1713 1010 1791 proeliorum
1043 1713 1279 1792 equites
1310 1710 1639 1792 equosque.
1701 1715 1842 1774 Nisi
1873 1715 2007 1794 quis
2038 1717 2281 1792 retinet,

383 1812 550 1870 idem
572 1830 781 1869 suasor
805 1820 1138 1888 auctorque
1163 1811 1399 1869 consilii
1425 1830 1546 1869 ero.
1607 1810 1759 1884 Vos,
1783 1812 2001 1890 quibus
2029 1811 2283 1873 fortuna

382 1909 444 1967 in
470 1909 709 1987 integro
733 1917 845 1982 est,
867 1908 1143 1986 legiones
1167 1908 1482 1967 continete
1506 1927 1518 1966 :
1551 1907 1700 1966 mihi
1723 1909 2050 1987 expeditae
2074 1911 2282 1970 cohor-

383 2016 477 2067 tes
506 2007 823 2067 sufficient.
880 2005 922 2066 J
927 2026 1026 2066 am
1053 2015 1391 2066 reseratam
1421 2003 1684 2080 Italiam,
1714 2005 2008 2086 impulsas
2037 2006 2282 2068 Vitellii
2321 2024 2383 2071 30

383 2124 479 2164 res
524 2104 825 2163 audietis:
880 2103 1127 2184 juvabit
1182 2103 1356 2183 sequi
1403 2112 1467 2163 et
1511 2103 1792 2183 vestigiis
1837 2104 2140 2165 vincentis
2195 2106 2282 2166 in-

384 2202 637 2263 sistere.’

464 2303 517 2360 3.
577 2300 752 2361 Haec
782 2320 852 2361 ac
879 2301 1030 2360 talia
1057 2302 1323 2382 flagrans
1351 2302 1561 2377 oculiS,
1580 2302 1736 2362 truci
1760 2322 1930 2376 voce,
1953 2323 2074 2382 quo
2096 2302 2282 2363 latius

385 2397 701 2458 audiretur
746 2399 1005 2477 (etenim
1050 2419 1114 2459 se
1164 2400 1554 2459 centuriones
1603 2409 1668 2459 et
1716 2400 1967 2480 quidam
2010 2401 2280 2461 militum

385 2496 637 2556 consilio
679 2496 1102 2574 miscuerant),
1143 2496 1232 2555 ita
1273 2497 1508 2569 effudit,
1551 2505 1622 2555 ut
1665 2508 1878 2556 cautos
1921 2517 2162 2576 quoque
2206 2517 2278 2558 ac

382 2592 673 2671 providos
730 2603 1138 2671 permoveret,
1188 2593 1413 2671 vulgus
1464 2601 1527 2651 et
1583 2592 1772 2651 ceteri
1829 2613 2022 2651 unum
2078 2593 2280 2651 virum

384 2667 743 2768 ducemque,
787 2699 995 2766 spreta
1050 2690 1310 2748 aliorum
1367 2688 1649 2767 segnitia,
1692 2689 1977 2747 laudibus
2025 2688 2280 2747 ferrent.
2354 2703 2386 2748 5

382 2785 561 2845 Hanc
592 2786 685 2845 sui
712 2785 942 2844 famam
985 2806 1056 2845 ea
1100 2786 1310 2845 statim
1354 2786 1648 2845 concione
1691 2795 2127 2859 commoverat,
2159 2804 2281 2864 qua

380 2882 654 2942 recitatis
696 2882 1066 2961 Vespasiani
1116 2882 1391 2961 epistolis
1432 2903 1557 2941 non
1602 2892 1672 2941 ut
1714 2883 1988 2961 plerique
2044 2882 2282 2941 incerta

383 2978 690 3053 disseruit,
718 2981 839 3038 huc
867 2979 1013 3038 illuc
1040 2988 1347 3039 tracturus
1376 2978 1906 3058 interpretatione,
1929 2987 2114 3057 prout
2143 2998 2282 3038 con-

382 3075 693 3135 duxisset:
725 3085 933 3154 aperte
957 3076 1345 3135 descendisse
1368 3075 1431 3134 in
1457 3095 1698 3134 causam
1718 3075 2064 3150 videbatur,
2084 3093 2279 3153 eoque

380 3173 628 3251 gravior
657 3173 954 3232 militibus
984 3184 1115 3232 erat
1146 3175 1360 3251 culpae
1392 3174 1491 3231 vel
1518 3173 1754 3251 gloriae
1784 3172 2002 3232 socius.
2328 3186 2386 3230 10

460 3270 516 3328 4.
573 3270 870 3328 Proxima
913 3268 1180 3328 Cornelii
1223 3269 1409 3328 Fusci
1456 3268 1868 3348 procuratoris
1927 3268 2278 3327 auctoritas,

382 3363 443 3424 Is
474 3385 714 3444 quoque
744 3366 1147 3424 inclementer
1176 3365 1238 3424 in
1269 3365 1598 3425 Vitellium
1627 3364 1834 3427 invehi
1865 3364 2081 3423 solitus
2123 3365 2277 3423 nihil

381 3462 509 3540 spei
538 3463 650 3522 sibi
690 3462 854 3522 inter
882 3463 1140 3522 adversa
1167 3462 1516 3541 reliquerat.
1601 3460 1898 3540 Tampius
1926 3461 2278 3537 FlavianuS,

380 3569 603 3618 natura
631 3579 702 3619 ac
730 3569 979 3620 senecta
1010 3560 1419 3633 cunctantior,
1449 3558 1817 3639 suspitiones
1841 3559 2110 3620 militum
2152 3559 2279 3619 irri-
