2738 4048
365 232 495 298 104
988 248 1381 296 EXCERPTA
1424 247 1852 296 TACITIANA.

474 406 885 485 adoptaturus
914 425 1131 479 essem,
1162 405 1213 465 si
1241 406 1373 484 ipse
1402 406 1795 484 imperarem.
1880 391 2175 466 Ceterum
2216 405 2384 467 inter

471 524 585 564 nos
612 523 738 561 non
773 503 940 561 idem
969 522 1408 581 prosperarum
1440 503 1962 580 adversarumque
1992 521 2198 562 rerum
2228 504 2386 562 ordo

364 616 428 662 10
470 601 623 674 erit3
664 619 809 658 nam
851 600 901 658 si
931 599 1251 671 vincimus,
1283 600 1583 657 honorem
1612 618 1798 676 quem
1828 599 2074 657 dederis
2103 600 2344 659 habebo
2369 619 2384 658 :

473 697 803 757 discrimen
847 715 919 754 ac
960 696 1236 773 pericula
1276 716 1354 754 ex
1398 715 1596 773 aequo
1638 695 2017 774 partiemur3
2060 696 2268 770 imm0,
2311 705 2386 756 ut

471 794 692 853 melius
722 801 832 865 est,
862 799 932 850 tu
963 793 1075 851 hos
1103 792 1415 851 exercitus
1443 812 1611 870 rege,
1641 792 1795 850 mihi
1823 792 2057 850 bellum
2099 801 2164 851 et
2203 812 2381 871 proe-

471 891 699 949 liorum
752 888 993 947 incerta
1047 889 1243 948 trade.
1326 888 1590 948 Acriore
1631 889 1816 948 hodie
1860 888 2191 968 disciplina
2230 889 2386 967 victi

474 1006 661 1066 quam
687 985 955 1046 victores
985 995 1214 1065 agunt:
1244 987 1357 1045 hos
1387 986 1497 1058 ira,
1527 986 1758 1058 odium,
1790 985 2042 1046 ultionis
2072 986 2387 1065 cupiditas

366 1097 428 1142 15
473 1085 553 1142 ad
582 1083 882 1143 virtutem
912 1082 1235 1142 accendit:
1278 1083 1369 1142 illi
1395 1102 1508 1161 per
1547 1082 1867 1142 fastidium
1897 1093 1963 1143 et
1988 1083 2386 1171 cuntumacia

471 1181 834 1241 hebescunt.
917 1181 1182 1260 Aperiet
1212 1190 1277 1239 et
1307 1181 1590 1240 recludet
1633 1190 1921 1240 contecta
1949 1171 2014 1241 et
2042 1190 2386 1241 tumescen-

470 1278 563 1337 tia
590 1278 944 1338 victricium
974 1278 1248 1356 partium
1273 1278 1532 1337 vulnera
1559 1278 1791 1337 bellum
1820 1278 2060 1356 ipsum3
2089 1298 2204 1337 nec
2231 1276 2385 1337 mihi

471 1377 673 1455 major
713 1376 778 1434 in
820 1384 931 1434 tua
972 1374 1316 1453 vigilantia,
1346 1374 1745 1453 parsimonia,
1789 1373 2112 1453 sapientia,
2152 1374 2382 1433 fiducia

471 1481 583 1544 est,
627 1492 812 1551 quam
853 1472 917 1530 in
961 1471 1209 1531 Vitellii
1261 1481 1532 1550 torpore,
1577 1470 1843 1545 inscitia,
1887 1470 2170 1531 saevitia.
2254 1471 2382 1532 Sed

363 1581 425 1625 20
467 1568 790 1626 meliorem
817 1568 880 1626 in
910 1568 1071 1627 bello
1104 1587 1350 1628 causam
1382 1588 1567 1646 quam
1595 1568 1660 1627 in
1687 1587 1841 1648 pace
1870 1568 2207 1644 habemus3
2235 1588 2383 1628 nam

473 1664 577 1743 qui
608 1665 972 1738 deliberant,
1004 1663 1439 1724 desciverunt.’
1898 1736 1902 1740 .

560 1763 653 1821 80.
708 1762 878 1820 Dum
908 1761 1225 1839 quaeritur
1252 1771 1518 1841 tempus,
1548 1762 1735 1837 locus,
1761 1762 2051 1842 quodque
2079 1762 2145 1822 in
2173 1783 2242 1823 re
2270 1764 2383 1824 tali

474 1859 904 1918 difficillimum
946 1868 1060 1933 est,
1103 1858 1307 1937 prima
1354 1880 1501 1934 vox,
1545 1860 1696 1919 dum
1741 1860 1948 1919 animo
1989 1880 2127 1940 spes
2176 1861 2382 1936 timor,

473 1955 633 2014 ratio
678 1975 851 2014 casus
894 1955 1319 2031 obversantur,
1363 1976 1681 2037 egressum
1724 1957 2007 2017 cubiculo
2052 1958 2382 2038 Vespasia-

472 2071 625 2110 num
653 2052 834 2130 pauci
861 2052 1110 2126 militeS‚
1141 2054 1326 2114 solito
1356 2054 1714 2115 assistentes
1745 2055 1965 2115 ordine
1996 2067 2067 2117 ut
2104 2057 2383 2138 legatum

365 2162 396 2207 5
474 2147 822 2219 salutaturi,
851 2147 1288 2226 imperatorem
1329 2153 1715 2212 salutavere:
1758 2163 1896 2213 tum
1940 2154 2131 2213 ceteri
2174 2174 2381 2215 accur-

472 2263 628 2317 rere,
688 2243 1011 2303 Caesarem
1077 2256 1145 2306 et
1199 2246 1558 2327 Augustum
1615 2260 1680 2310 et
1735 2251 1945 2310 omnia
1998 2251 2382 2331 principatus

473 2340 776 2400 vocabula
805 2342 1138 2402 cumulare.
1220 2343 1402 2405 Mens
1445 2366 1482 2405 a
1522 2357 1696 2408 metu
1739 2349 1819 2407 ad
1860 2349 2180 2409 fortunam
2220 2359 2382 2410 tran-

472 2438 698 2498 sierat:
740 2437 805 2497 in
849 2438 984 2518 ipso
1027 2439 1181 2499 nihil
1225 2442 1556 2519 tumidum,
1601 2464 1898 2525 arrogans
1941 2456 2049 2507 aut
2088 2446 2151 2506 in
2196 2447 2381 2507 rebus

471 2534 651 2595 novis
677 2555 914 2595 novum
942 2535 1085 2597 fuit.
1169 2537 1264 2598 Ut
1291 2539 1564 2617 primum
1592 2544 1805 2601 tantae
1837 2542 2183 2603 altitudinis
2227 2542 2380 2602 offu-

365 2647 427 2693 10
469 2653 601 2693 sam
630 2632 821 2692 oculis
851 2633 1178 2712 caliginem
1222 2635 1492 2717 disjecit,
1520 2637 1875 2699 militariter
1916 2640 2162 2700 locutus
2205 2642 2374 2701 laeta

472 2729 679 2789 omnia
701 2738 765 2788 et
788 2729 1098 2790 affluentia
1115 2733 1361 2811 excepit
1384 2753 1401 2807 ;
1428 2754 1695 2813 namque
1724 2736 1792 2794 id
1819 2735 2025 2815 ipsum
2049 2737 2379 2816 opperiens

471 2824 799 2885 Mucianus
829 2827 1090 2885 alacrem
1119 2828 1385 2888 militem
1413 2830 1478 2888 in
1509 2831 1700 2890 verba
1728 2815 2098 2911 Vespasiani
2141 2833 2377 2912 adegit.

472 2923 636 2982 Tum
663 2922 1185 2984 Antiochensium
1213 2927 1526 2986 theatrum
1567 2927 1896 3007 ingressus,
1926 2929 2034 2988 ubi
2076 2930 2196 2990 illis
2238 2950 2381 2990 con-

472 3021 702 3079 sultare
733 3041 866 3081 mos
895 3030 1009 3095 est,
1039 3021 1478 3083 concurrentes
1507 3033 1571 3084 et
1598 3024 1664 3083 in
1694 3025 2116 3086 adulationem
2146 3025 2379 3087 effusos

366 3130 424 3175 15
467 3117 820 3195 alloquitur,
850 3120 999 3178 satis
1044 3119 1304 3178 decorus
1348 3120 1537 3180 etiam
1568 3120 1808 3181 Graeca
1846 3122 2156 3197 facundia,
2184 3124 2380 3183 omni-

472 3234 698 3293 umque
730 3236 884 3294 quae
916 3217 1150 3277 diceret
1180 3229 1366 3295 atque
1398 3228 1611 3296 ageret
1640 3231 1771 3279 arte
1802 3220 2069 3305 quadam
2112 3230 2381 3281 ostenta-

448 3319 592 3394 ·tor.
676 3312 855 3372 Nihil
912 3334 1104 3393 aeque
1147 3314 1531 3393 provinciam
1574 3317 2035 3396 exercitumque
2091 3318 2380 3378 accendit

474 3427 659 3486 quam
702 3410 869 3488 quod
914 3411 1309 3471 asseverabat
1337 3411 1684 3487 MucianuS,
1714 3413 2009 3473 statuisse
2042 3414 2380 3474 Vitellium

473 3513 546 3564 ut
576 3505 973 3567 Germanicas
1000 3507 1277 3587 legiones
1303 3508 1369 3568 in
1401 3508 1644 3587 Syriam
1687 3509 1767 3569 ad
1806 3510 2095 3571 militiam
2121 3510 2382 3589 opulen-

341 1437 366 1449 Q
