2738 4048
372 261 502 327 100
937 276 1326 324 EXCERPTA
1371 275 1798 324 ΤΑΟΙΤΙΑΝΑ.

479 438 762 497 cohortes
792 455 916 494 una
942 434 1200 493 tendere
1230 435 1309 494 ob
1338 443 1617 494 veterem
1648 435 1945 494 adversus
1984 435 2388 513 quartadecu-

477 554 694 594 manos
724 533 1113 592 discordiam.
1199 531 1336 590 Nec
1366 531 1474 590 diu
1503 531 1565 590 in
1596 531 1789 590 tantis
1818 540 2197 591 armatorum
2226 533 2385 592 odiis

374 647 433 692 10
478 633 651 711 quies
681 631 837 690 fuit:
869 630 1192 707 Augustae
1223 628 1657 701 Taurinorum,
1688 628 1835 686 dum
1866 628 2150 706 opificem
2181 649 2387 708 quem-

480 729 621 787 dam
652 728 926 787 Batavus
955 735 1025 784 ut
1054 725 1481 784 fraudatorem
1511 725 1866 798 insectatur,
1897 726 2271 805 legionarius
2315 737 2385 785 ut

478 825 786 902 hospitem
822 832 1053 894 tuetur,
1084 821 1177 881 sui
1220 822 1442 900 cuique
1485 823 1940 882 commilitones
1983 824 2307 904 aggregati
2349 843 2386 883 a

483 920 776 982 conviciis
807 919 885 978 ad
915 919 1168 977 caedem
1199 919 1497 978 transiere
1523 939 1539 993 ;
1582 928 1646 978 et
1675 920 1980 998 proelium
2008 930 2187 980 atrox
2218 941 2386 980 exar-

480 1015 679 1087 sisset,
709 1013 773 1072 ni
803 1014 960 1072 duae
990 1013 1335 1092 praetoriae
1366 1014 1655 1074 cohortes
1698 1034 1945 1074 causam
1987 1017 2387 1094 quartadecu-

373 1127 436 1173 15
479 1131 802 1171 manorum
832 1119 1077 1169 secutae
1107 1110 1204 1169 his
1233 1109 1524 1169 fiduciam
1555 1120 1620 1171 et
1647 1121 1883 1171 metum
1913 1111 2171 1172 Batavis
2211 1111 2386 1172 fecis-

480 1217 653 1269 sent:
684 1227 837 1287 quos
859 1206 1156 1267 Vitellius
1180 1207 1410 1285 agmini
1430 1227 1541 1266 suo
1562 1208 1746 1287 jungi
1775 1218 1845 1268 ut
1873 1208 2050 1282 fidos,
2073 1209 2384 1288 legionem

481 1306 660 1366 Grais
683 1304 946 1384 Alpibus
974 1304 1328 1363 traductam
1358 1323 1434 1364 eo
1464 1305 1629 1363 flexu
1658 1305 1896 1364 itineris
1924 1305 2015 1364 ire
2034 1305 2236 1384 jubet,
2260 1325 2383 1384 quo

481 1403 794 1463 Viennam
824 1401 1134 1475 vitarent3
1175 1420 1443 1479 namque
1473 1411 1538 1460 et
1566 1402 1958 1462 Viennenses
1986 1402 2383 1462 timebantur.

477 1503 687 1562 Nocte
717 1522 838 1581 qua
865 1500 1368 1580 proficiscebatur
1397 1502 1583 1580 legio,
1615 1502 1850 1562 relictis
1880 1502 2108 1581 passim
2136 1502 2384 1581 ignibus

373 1615 433 1661 2ο
474 1621 616 1681 pars
647 1600 956 1659 Taurinae
989 1598 1265 1658 coloniae
1296 1599 1598 1672 ambusta,
1628 1601 1795 1678 quod
1824 1599 2135 1672 damnum,
2164 1609 2234 1659 ut
2263 1601 2386 1678 ple-

479 1718 670 1776 raque
712 1696 860 1757 belli
903 1696 1085 1769 mala,
1129 1695 1465 1774 majoribus
1515 1696 1775 1754 aliarum
1816 1696 2063 1754 urbium
2105 1696 2384 1755 cladibus

482 1795 898 1854 obliteratum.
986 1793 1554 1863 Quartadecumani
1602 1803 1933 1871 postquam
1975 1793 2240 1872 Alpibus
2283 1793 2386 1852 de-

478 1893 674 1972 gressi
703 1901 865 1964 sunt,
889 1890 1388 1951 seditiosissimus
1419 1890 1674 1969 quisque
1697 1878 1880 1968 signa
1897 1890 2208 1949 Viennam
2235 1890 2386 1950 fere-

478 1990 667 2049 bant:
711 2008 1012 2049 consensu
1044 1988 1367 2048 meliorum
1398 1986 1727 2067 compressi
1761 1996 1824 2047 et
1853 1987 2017 2067 legio
2046 1986 2110 2046 in
2141 1986 2386 2047 Britan-

373 2101 437 2147 25
478 2087 648 2146 niam
676 2095 1046 2145 transvecta.

562 2184 660 2242 67.
716 2182 1046 2241 Proximus
1076 2180 1339 2240 Vitellio
1371 2201 1404 2241 e
1432 2181 1762 2259 praetoriis
1792 2181 2151 2241 cohortibus
2179 2190 2384 2241 metus

483 2286 634 2336 erat.
692 2276 973 2356 Separati
997 2276 1263 2354 primum
1284 2275 1510 2334 deinde
1531 2276 1745 2334 addito
1763 2277 2058 2335 honestae
2075 2275 2384 2335 missionis

480 2374 837 2447 lenimentO,
877 2392 1046 2432 arma
1102 2373 1182 2431 ad
1238 2372 1520 2431 tribunos
1577 2391 1718 2431 suos
1761 2372 2144 2444 deferebant,
2183 2373 2384 2431 donec

478 2480 722 2531 motum
740 2490 776 2529 a
790 2471 1179 2550 Vespasiano
1196 2470 1428 2529 bellum
1449 2470 1861 2528 crebresceret
1879 2490 1892 2527 :
1913 2478 2049 2528 tum
2064 2478 2385 2547 resumpta

373 2584 404 2629 5
476 2569 700 2629 militia
711 2568 899 2628 robur
912 2569 1346 2628 Flavianarum
1363 2565 1630 2645 partium
1647 2566 1841 2626 fuere.
1880 2565 2096 2625 Prima
2111 2566 2386 2626 classico-

479 2687 619 2727 rum
638 2666 802 2746 legio
820 2666 884 2725 in
906 2665 1273 2744 Hispaniam
1293 2664 1498 2735 missa,
1516 2672 1585 2722 ut
1603 2682 1755 2741 pace
1777 2673 1839 2722 et
1859 2663 1989 2723 otio
2006 2662 2381 2736 mitesceret,

479 2764 831 2823 undecuma
864 2781 934 2821 ac
970 2762 1234 2840 septima
1275 2760 1400 2820 suis
1443 2758 1715 2818 hibernis
1758 2759 2061 2845 redditae,
2092 2758 2385 2819 tertiade-

482 2859 727 2920 cumani
763 2869 996 2919 struere
1040 2858 1498 2937 amphitheatra
1531 2856 1727 2936 jussi3
1769 2875 1913 2915 nam
1946 2855 2213 2915 Caecina
2243 2855 2386 2915 Cre-

480 2976 723 3029 monae,
778 2955 1016 3016 Valens
1073 2954 1395 3014 Bononiae
1464 2953 1889 3033 spectaculum
1957 2952 2383 3032 gladiatorum

376 3069 435 3115 10
478 3055 659 3114 edere
687 3053 1007 3133 parabant,
1036 3071 1354 3130 nunquam
1381 3050 1472 3110 ita
1501 3051 1580 3110 ad
1611 3069 1786 3110 curas
1814 3049 2060 3109 intento
2091 3048 2381 3122 Vitellio,

396 3224 399 3227 ἢ
482 3161 552 3210 ut
582 3152 973 3230 voluptatum
1002 3149 1486 3209 oblivisceretur.

565 3248 659 3308 70.
730 3248 888 3307 Inde
945 3246 1239 3306 Vitellius
1301 3244 1672 3304 Cremonam
1728 3243 1923 3317 flexit,
1982 3253 2045 3303 et
2101 3249 2384 3322 spectato

482 3364 736 3404 munere
782 3345 1083 3405 Caecinae
1139 3342 1428 3402 insistere
1474 3341 1992 3401 Bedriacensibus
2036 3339 2270 3417 campis
2311 3357 2385 3397 ac

482 3441 748 3519 vestigia
794 3442 1061 3500 recentis
1110 3440 1409 3499 victoriae
1458 3440 1718 3498 lustrare
1764 3440 1954 3498 oculis
2002 3435 2384 3515 concupivit,

483 3536 734 3595 foedum
758 3546 943 3615 atque
967 3547 1144 3597 atrox
1166 3536 1619 3614 spectaculum:
1648 3535 1814 3595 intra
1843 3533 2387 3616 quadrageSImum
