2738 4048
759 296 1278 345 HISTORIARUM
1320 297 1542 346 LIBER
1588 297 1995 346 SECUNDUS.
2262 282 2391 348 105

383 464 513 515 tam
543 454 938 534 quietamque
967 456 1351 529 transferret,
1381 464 1599 515 contra
1630 455 1900 535 Syriacis
1940 454 2288 534 legionibus

385 552 754 611 Germanica
775 552 1032 611 hiberna
1053 553 1220 611 caelo
1251 572 1320 611 ac
1349 552 1660 611 laboribus
1685 552 1841 610 dura
1857 562 2282 628 mutarentur3
2316 632 2319 633 ⁷

384 649 613 728 quippe
644 658 706 708 et
735 648 1147 727 provinciales
1177 658 1353 709 sueto
1382 649 1653 708 militum
1694 649 2098 709 contubernio
2140 670 2286 728 gau-

384 746 634 819 debant,
676 745 952 824 plerique
994 745 1554 806 necessitudinibus
1596 755 1661 805 et
1716 745 2284 824 propinquitatibus

385 841 581 914 mixti,
605 852 667 901 et
689 842 989 901 militibus
1018 853 1329 902 vetustate
1359 842 1814 921 stipendiorum
1844 853 1993 903 nota
2020 852 2085 903 et
2112 843 2288 902 fami-

383 939 558 997 liaria
586 949 788 998 castra
814 938 879 997 in
907 939 1050 998 mod
1062 960 1163 998 um
1192 939 1512 1018 penatium
1543 939 1983 1018 diligebantur.

493 1036 584 1094 82.
640 1035 855 1095 Prima
881 1035 1028 1095 belli
1058 1055 1205 1095 cura
1233 1022 1416 1115 agere
1446 1036 1729 1110 dilectus,
1762 1057 2053 1096 revocare
2082 1046 2284 1098 veter-

386 1131 568 1205 anos3
596 1132 989 1192 destinantur
1009 1133 1251 1191 validae
1275 1132 1560 1192 civitates
1584 1133 1946 1193 exercendis
1971 1153 2286 1195 armorum

386 1228 641 1288 officinis
658 1248 674 1304 ;
704 1229 868 1308 apud
889 1228 1342 1289 Antiochenses
1372 1249 1587 1289 aurum
1610 1241 2056 1308 argentumque
2086 1232 2285 1309 signa-

385 1334 506 1398 tur,
538 1344 730 1404 eaque
770 1336 993 1385 cuncta
1029 1346 1140 1405 per
1177 1327 1436 1387 idoneos
1474 1327 1790 1387 ministros
1839 1329 1962 1387 suis
2005 1347 2283 1407 quaeque

385 1422 536 1482 locis
578 1423 1054 1483 festinabantur.
1138 1423 1279 1504 Ipse
1327 1424 1748 1503 Vespasianus
1799 1424 1987 1498 adire,
2028 1425 2285 1500 hortari,

384 1519 577 1579 bonos
632 1520 835 1593 laude,
884 1540 1105 1600 segnes
1155 1522 1441 1600 exemplo
1496 1521 1753 1582 incitare
1809 1520 2052 1599 saepius
2099 1541 2284 1600 quam

385 1637 685 1690 coercere,
714 1617 870 1677 vitia
896 1617 1094 1697 magis
1125 1618 1465 1677 amicorum
1496 1637 1680 1696 quam
1709 1617 1972 1677 virtutes
2004 1618 2284 1678 dissimu-

386 1714 538 1774 lans.
595 1714 831 1775 Multos
859 1715 1264 1793 praefecturis
1289 1726 1351 1775 et
1374 1715 1931 1794 procurationibus,
1954 1716 2281 1795 plerosque

385 1812 678 1871 senatorii
727 1812 960 1872 ordinis
1017 1813 1250 1872 honore
1307 1811 1632 1891 percoluit,
1677 1812 1959 1891 egregios
2010 1812 2173 1872 viros
2219 1823 2283 1874 et

385 1929 529 1968 mox
559 1929 799 1969 summa
826 1910 1117 1988 adeptos3
1148 1909 1517 1989 quibusdam
1546 1909 1793 1968 fortuna
1814 1929 1926 1988 pro
1949 1910 2285 1970 virtutibus

385 2008 525 2068 fuit.
606 2008 991 2068 Donativum
1011 2007 1192 2069 militi
1212 2029 1410 2088 neque
1425 2006 1750 2069 Mucianus
1765 2006 1965 2088 prima
1987 2008 2283 2069 concione

386 2106 501 2166 nisi
545 2107 787 2166 modice
833 2107 1209 2180 ostenderat,
1249 2127 1327 2165 ne
1372 2106 1792 2186 Vespasianus
1842 2106 2095 2186 quidem
2142 2108 2282 2187 plus

385 2205 553 2264 civili
580 2206 741 2265 bello
771 2205 1000 2265 obtulit
1028 2225 1214 2284 quam
1244 2205 1347 2264 alii
1376 2205 1438 2263 in
1468 2224 1637 2283 pace,
1660 2204 1908 2285 egregie
1938 2205 2152 2266 firmus
2181 2206 2284 2265 ad-

384 2323 597 2362 versus
639 2302 970 2362 militarem
1011 2302 1404 2381 largitionem
1448 2323 1642 2381 eoque
1684 2303 1961 2363 exercitu
2003 2304 2279 2363 meliore.

383 2398 560 2459 Missi
602 2399 680 2458 ad
725 2398 1028 2459 Parthum
1071 2398 1562 2477 Armeniumque
1605 2399 1814 2478 legati,
1845 2402 2282 2479 provisumque

384 2515 482 2569 ne,
512 2494 706 2555 versis
748 2495 828 2554 ad
870 2494 1052 2554 civile
1095 2495 1323 2553 bellum
1365 2495 1734 2573 legionibuS,
1762 2506 1942 2573 terga
1982 2497 2284 2555 nudaren-

384 2602 503 2653 tur.
589 2593 802 2652 Titum
857 2592 1088 2652 instare
1142 2591 1184 2651 J
1188 2587 1440 2664 udaeae,
1488 2591 1944 2669 Vespasianum
2002 2591 2281 2651 obtinere

386 2691 620 2750 clausta
645 2689 927 2769 Aegypti
968 2689 1237 2768 placuit:
1278 2689 1554 2748 sufficere
1583 2689 1956 2748 videbantur
1985 2687 2280 2747 adversus

386 2786 713 2846 Vitellium
734 2806 877 2865 pars
900 2785 1217 2864 copiarum
1241 2795 1305 2845 et
1327 2786 1457 2844 dux
1478 2784 1804 2844 Mucianus
1826 2793 1890 2844 et
1909 2783 2279 2862 Vespasiani

384 2903 610 2942 nomen
667 2902 738 2943 ac
781 2881 934 2941 nihil
992 2882 1251 2941 arduum
1305 2882 1471 2942 fatis.
1552 2882 1661 2940 Ad
1705 2901 1918 2941 omnes
1975 2880 2282 2940 exercitus

384 2980 743 3058 legatosque
779 2979 1044 3057 scriptae
1088 2979 1408 3058 epistolae,
1437 2988 1959 3058 praeceptumque
2002 2986 2071 3036 ut
2112 2997 2283 3055 prae-

385 3075 660 3136 torianos
683 3075 941 3135 Vitellio
971 3074 1248 3135 infensos
1270 3075 1706 3154 reciperandae
1729 3075 1985 3133 militiae
2007 3074 2280 3152 praemio

385 3171 743 3231 invitarent.

468 3269 562 3327 83.
617 3267 942 3327 Mucianus
972 3288 1113 3328 cum
1142 3268 1436 3346 expedita
1457 3287 1663 3340 manu,
1687 3267 1919 3327 socium
1948 3267 2145 3346 magis
2174 3266 2282 3326 im-

385 3364 542 3443 perii
573 3384 755 3443 quam
778 3365 1129 3424 ministrum
1154 3385 1359 3445 agens,
1384 3385 1508 3423 non
1539 3365 1708 3423 lento
1737 3363 1975 3434 itinere,
1997 3384 2074 3422 ne
2105 3384 2282 3423 cunc-

386 3462 506 3521 tari
533 3463 869 3534 videretur,
899 3483 1097 3541 neque
1125 3472 1333 3522 tamen
1363 3481 1721 3540 properanS,
1750 3462 2007 3540 gliscere
2050 3461 2282 3520 famam

385 3559 522 3638 ipso
550 3559 752 3638 spatio
781 3559 1039 3633 sinebat,
1059 3579 1287 3639 gnarus
1315 3558 1591 3618 modicas
1621 3558 1781 3618 vires
1809 3557 1924 3618 sibi
1954 3567 2018 3617 et
2045 3559 2283 3638 majora

1359 3650 1423 3698 5*

2329 472 2390 517 20

2325 956 2390 1003 25

2327 1925 2389 1971 10

2325 2409 2451 2459 15’

2323 2895 2384 2939 20
