2738 4048
737 244 1138 293 ANNALIUM
1181 246 1404 293 LIBER
1449 246 1750 294 PRIMUS.

267 403 467 484 patris
521 402 910 477 obtenderet,
964 403 1233 463 clamore
1292 404 1616 464 turbatur.-
1690 403 1817 463 Cur
1870 404 2166 479 venisset,

267 522 470 582 neque
528 501 826 581 augendis
872 501 1142 560 militum
1196 501 1523 579 stipendiis
1570 521 1770 580 neque
1827 501 2167 561 allevandis

266 598 602 672 laboribus,
658 598 923 676 denique
979 598 1150 656 nulla
1202 597 1361 656 bene
1417 597 1689 656 faciendi
1737 598 2035 657 licentia?
2101 608 2168 658 at

266 696 517 755 hercule
546 695 806 754 verbera
833 704 896 754 et
924 713 1142 753 necem
1184 694 1425 753 cunctis
1463 693 1761 772 permitti.
1843 693 2166 753 Tiberium

267 793 419 853 olim
446 791 695 851 nomine
725 791 997 870 Augusti
1027 790 1335 850 desideria
1363 790 1681 869 legionum
1708 790 1993 849 frustrari
2031 790 2169 849 soli-

263 898 440 950 tum:
497 890 745 949 easdem
791 899 954 948 artes
999 888 1277 947 Drusum
1323 887 1659 947 rettulisse.
1743 886 2163 965 Nunquamne

263 986 384 1046 nisi
408 986 486 1045 ad
509 1006 574 1046 se
594 986 754 1045 filios
781 984 1160 1044 familiarum
1183 983 1520 1044 venturos?
1587 982 1840 1043 Novum
1871 983 1937 1041 id
1961 984 2164 1061 plane,

264 1083 435 1163 quod
462 1084 801 1162 imperator
829 1083 960 1142 sola
985 1081 1200 1141 militis
1229 1081 1556 1141 commoda
1583 1079 1662 1138 ad
1701 1089 1984 1139 senatum
2026 1079 2167 1159 reJ'i-

263 1181 408 1240 ciat.
476 1179 780 1239 'Eundem
836 1198 986 1258 ergo
1035 1188 1320 1237 senatum
1363 1176 1830 1249 consulendum,
1874 1175 2164 1254 quotiens

263 1277 570 1356 supplicia
597 1285 705 1336 aut
732 1276 969 1354 proelia
1000 1274 1392 1334 indicantur:
1434 1293 1514 1333 an
1543 1273 1820 1352 praemia
1847 1272 1964 1331 sub
1993 1272 2165 1331 dom-

262 1374 404 1448 inis,
433 1393 664 1452 poenas
693 1373 824 1433 sine
852 1372 1086 1432 arbitro
1117 1391 1247 1431 esse
1266 1371 1301 1429 ⁴?-

372 1473 467 1530 27.
548 1469 877 1530 Postremo
908 1469 1200 1528 deserunt
1232 1468 1527 1541 tribunal,
1558 1476 1629 1528 ut
1658 1467 1793 1547 quis
1831 1466 2166 1546 praetoria-

261 1589 485 1628 norum
513 1568 783 1627 militum
811 1567 1227 1626 amicorumve
1253 1566 1534 1626 Caesaris
1556 1573 1925 1635 occurreret,
1947 1583 2163 1625 manus

260 1667 663 1737 intentanteS,
706 1684 952 1723 causam
1007 1663 1352 1723 discordiae
1408 1670 1474 1722 et
1527 1662 1775 1721 initium
1832 1684 2162 1737 armorum,

260 1763 531 1822 maxime
560 1762 784 1821 infensi
817 1762 927 1822 Cn.
957 1760 1242 1834 Lentulo,
1272 1759 1442 1839 quod
1478 1759 1530 1818 is
1573 1769 1717 1819 ante
1760 1760 1912 1820 alios
1955 1771 2160 1822 aetate

260 1870 326 1921 et
353 1859 552 1940 gloria
578 1860 725 1923 belli
758 1860 1002 1919 firmare
1032 1859 1308 1919 Drusum
1337 1857 1726 1929 credebatur,
1755 1867 1819 1917 et
1860 1857 1968 1918 illa
2006 1858 2161 1918 mili-

258 1959 387 2019 tiae
415 1958 651 2039 flagitia
679 1958 912 2040 primus
954 1957 1284 2039 aspernari.
1366 1956 1504 2016 Nec
1540 1955 1736 2015 multo
1778 1965 1921 2036 post
1962 1955 2163 2038 digre-

259 2058 537 2117 dientem
582 2077 721 2117 cum
754 2058 1036 2130 Caesare,
1067 2077 1138 2116 ac
1171 2056 1425 2136 provisu
1463 2054 1721 2135 periculi
1750 2055 2008 2115 hiberna
2036 2075 2161 2116 cas-

257 2163 359 2215 tra
387 2165 795 2235 repetentem,
818 2153 1299 2227 circumsistunt,
1323 2153 1665 2232 rogitantes
1696 2173 1816 2231 quo
1844 2162 2157 2232 pergeret,

259 2253 341 2312 ad
378 2253 816 2331 imperatorem
852 2272 928 2311 an
960 2252 1038 2311 ad
1068 2260 1295 2331 patreS,
1326 2260 1395 2310 ut
1435 2250 1563 2309 illic
1605 2269 1848 2328 quoque
1890 2269 2156 2310 commo-

257 2350 355 2409 dis
396 2350 711 2429 legionum
746 2351 1209 2422 adversaretur3
1252 2348 1436 2406 simul
1478 2347 1795 2426 ingruunt,
1824 2366 1972 2405 saxa
2010 2347 2160 2426 jaci-

254 2456 392 2506 unt.
474 2446 740 2525 Jamque
787 2446 1012 2524 lapidis
1062 2445 1191 2504 ictu
1241 2454 1531 2503 cruentus
1587 2452 1651 2503 et
1706 2443 1884 2502 exitii
1933 2454 2158 2518 certus,

257 2562 514 2603 accursu
554 2543 766 2603 multit
854 2542 974 2602 inis
1015 2561 1172 2621 quae
1215 2562 1356 2601 cum
1385 2541 1593 2600 Druso
1636 2540 1994 2613 advenerat,
2023 2560 2158 2619 pro-

253 2648 461 2699 tectus
502 2651 612 2700 est.

365 2738 462 2797 28.
546 2736 820 2797 Noctem
847 2735 1150 2795 minacem
1183 2743 1247 2795 et
1284 2734 1348 2793 in
1385 2735 1583 2794 scelus
1625 2742 1983 2812 erupturam
2023 2732 2154 2792 fors

252 2832 507 2893 lenivit:
545 2853 691 2893 nam
718 2833 866 2892 luna
895 2833 1060 2892 claro
1090 2842 1346 2911 repente
1379 2831 1546 2891 caelo
1575 2831 1710 2894 visa
1738 2831 2151 2909 languescere.

253 2928 336 2989 Id
378 2930 552 2989 miles
595 2929 853 2989 rationis
891 2929 1140 3008 ignarus
1191 2949 1369 2988 omen
1420 2927 1844 3007 praesentium
1893 2925 2151 3004 accepit,

253 3026 379 3086 suis
407 3026 717 3086 laboribus
746 3025 1160 3085 defectionem
1191 3024 1410 3084 sideris
1439 3023 1817 3095 assimulans,
1840 3041 2155 3100 prospere-

254 3143 374 3202 que
404 3143 650 3183 cessura
679 3143 833 3202 quae
863 3131 1211 3201 pergerent,
1241 3121 1291 3181 si
1330 3121 1540 3199 fulgor
1568 3130 1631 3178 et
1661 3119 1965 3178 claritudo
1996 3117 2148 3176 deae

250 3220 640 3281 redderetur.
725 3219 928 3299 Igitur
969 3219 1125 3278 aeris
1173 3238 1344 3291 son0,
1385 3218 1676 3276 tubarum
1731 3233 2151 3291 cornuumque

252 3327 563 3377 concentu
591 3327 897 3395 strepere3
940 3324 1125 3395 prout
1165 3313 1550 3393 splendidior
1590 3310 2004 3382 obscuriorve,
2033 3310 2153 3369 lae-

223 3415 376 3474 ⁴tari
418 3423 526 3474 aut
565 3433 873 3487 maerere;
929 3422 993 3472 et
1041 3421 1371 3490 postquam
1419 3418 1594 3468 ortae
1641 3407 1833 3466 nubes
1883 3406 2150 3466 offecere

251 3511 414 3571 visui
444 3510 871 3589 creditumque
910 3509 1228 3570 conditam
1269 3506 1562 3579 tenebris,
1591 3514 1662 3565 ut
1703 3513 1848 3564 sunt
1890 3503 2151 3563 mobiles

2189 230 2275 295 45

2210 806 2271 851 10

2205 1287 2267 1333 15

2235 1875 2267 1920 5

2201 2363 2262 2407 10
