2738 4048
334 258 461 323 136
899 269 1292 317 EXGERPTA
1335 266 1769 316 ΤΑΟΙΤΙΑΝΑ.

333 734 396 779 10

333 1215 395 1261 15

332 2479 393 2525 10

334 2963 395 3008 15

439 426 635 507 spolia
661 427 724 486 in
747 427 971 505 vulgus
1001 425 1325 485 cedebant.
1387 425 1586 484 Saeva
1607 444 1678 484 ac
1700 424 1998 484 deformis
2026 425 2178 485 urbe
2207 435 2346 488 tota

438 526 659 583 facies:
702 524 849 583 alibi
892 522 1126 601 proelia
1155 532 1218 581 et
1246 523 1520 593 vulnera,
1551 520 1696 580 alibi
1732 522 2014 581 balineae
2057 525 2346 602 popinae-

441 642 596 701 que3
637 621 818 680 simul
862 640 1043 679 cruor
1085 629 1148 678 et
1190 627 1388 678 strues
1430 638 1775 697 corporum,
1808 618 1995 697 juxta
2036 630 2240 680 scorta
2280 630 2345 680 et

438 717 656 778 scortis
699 717 964 789 similes3
1014 726 1313 793 quantum
1356 714 1420 773 in
1463 714 1775 774 luxurioso
1820 715 1949 775 otio
1988 715 2343 790 libidinum,

442 813 744 894 quidquid
788 813 853 871 in
896 811 1288 871 acerbissima
1329 811 1694 889 captivitate
1737 812 2059 886 scelerum,
2091 833 2344 891 prorsus

431 908 511 968 ‘ut
557 909 819 967 eandem
866 907 1205 967 civitatem·
1236 919 1299 966 et
1345 908 1551 965 furere
1598 907 1877 968 crederes
1927 920 1990 969 et
2040 909 2342 971 lascivire.

444 1005 864 1065 Conflixerant
894 1015 947 1063 et
976 1014 1118 1063 ante
1149 1004 1372 1063 armati
1401 1004 1710 1064 exercitus
1738 1005 1803 1065 in
1833 1006 2003 1080 urbe,
2023 1007 2119 1066 bis
2148 1006 2343 1067 Lucio

444 1103 631 1175 Sulla,
660 1104 849 1161 semel
880 1102 1081 1161 Cinna
1108 1102 1470 1174 victoribuS‚
1500 1122 1616 1162 nec
1655 1113 1804 1162 tunc
1844 1104 2049 1164 minus
2090 1104 2346 1163 crudeli-

440 1199 623 1260 tatis:
669 1219 832 1258 nunc
862 1198 1198 1257 inhumana
1227 1198 1526 1259 securitas
1563 1209 1626 1259 et
1668 1220 1745 1259 ne
1788 1200 2044 1261 minimo
2090 1200 2345 1280 quidem

440 1297 737 1375 temporis
768 1297 1121 1374 voluptates
1151 1295 1574 1361 intermissae:
1618 1298 1792 1356 velut
1822 1297 1997 1357 festis
2028 1298 2247 1357 diebus
2275 1298 2345 1357 id

442 1413 684 1474 quoque
740 1393 1038 1472 gaudium
1097 1394 1436 1467 accederet,
1496 1393 1908 1468 exsultabant,
1956 1394 2342 1468 fruebantur,

441 1492 610 1552 nulla
639 1490 909 1569 partium
940 1509 1105 1563 cura,
1135 1490 1313 1549 malis
1342 1490 1603 1569 publicis
1631 1490 1800 1550 laeti.

524 1589 615 1648 84.
673 1587 1021 1647 Plurimum
1045 1588 1223 1646 molis
1250 1588 1312 1646 in
1339 1589 1800 1666 oppugnatione
1832 1597 2172 1648 castrorum
2198 1588 2342 1662 fuit,

440 1705 595 1765 quae
621 1684 955 1744 acerrimus
976 1685 1232 1763 quisque
1257 1695 1327 1744 ut
1350 1684 1749 1743 novissimam
1772 1704 1943 1763 spem
1965 1684 2341 1745 retinebant.

439 1783 535 1842 Eo
591 1782 891 1842 intentius
941 1784 1227 1855 victores,
1271 1781 1603 1861 praecipuo
1660 1791 1943 1840 veterum
1994 1781 2344 1840 cohortium

438 1879 666 1954 studio,
699 1890 924 1939 cuncta
956 1878 1469 1938 validissimarum
1512 1878 1753 1936 urbium
1797 1877 2054 1937 excidiis
2096 1888 2344 1956 reperta

436 1977 618 2039 simul
662 1977 1016 2049 admovent,
1061 1976 1455 2048 testudinem,
1485 1984 1812 2048 tormenta,
1843 1992 2116 2054 aggeres,
2154 1973 2344 2035 faces-

440 2096 577 2155 que,
602 2075 914 2154 quidquid·
936 2083 1033 2132 tot
1062 2072 1311 2151 proeliis
1339 2072 1567 2131 laboris
1597 2091 1668 2131 ac
1696 2072 1951 2150 periculi
1973 2071 2340 2144 hausissent,

441 2191 626 2250 opere
683 2172 788 2230 illo
847 2168 1256 2230 consummari
1315 2168 1721 2227 clamitantes.
1806 2167 2045 2228 Urbem
2099 2167 2342 2227 senatui

440 2288 512 2328 ac
539 2268 769 2347 populo
800 2265 1106 2338 Romano,
1137 2265 1371 2343 templa
1399 2265 1495 2325 dis
1524 2264 1806 2323 reddita:
1849 2264 2168 2343 proprium
2206 2284 2338 2323 esse

439 2364 655 2424 militis
687 2363 872 2422 decus
901 2362 964 2421 in
998 2361 1249 2422 castris:
1281 2361 1450 2420 illam
1479 2361 1762 2439 patriam,
1786 2360 1922 2419 illos
1952 2369 2242 2438 penates:
2273 2360 2339 2419 ni

436 2461 646 2523 statim
678 2460 1077 2540 recipiantur,
1109 2469 1356 2519 noctem
1386 2458 1449 2517 in
1482 2456 1667 2516 armis
1696 2457 2019 2535 agendam.
2105 2456 2340 2516 Contra

439 2559 784 2632 Vitelliani,
817 2577 1167 2638 quanquam
1199 2574 1461 2616 numero
1505 2555 1753 2632 fatoque
1785 2553 2078 2631 dispares,
2108 2553 2341 2632 inquie-

438 2669 573 2718 tare
618 2656 963 2728 victoriam,
1006 2654 1232 2713 morari
1277 2672 1513 2732 pacem,
1559 2650 1776 2709 domos
1820 2668 2077 2728 arasque
2121 2669 2336 2709 cruore

439 2755 710 2825 foedare,
740 2771 1026 2830 suprema
1056 2751 1236 2809 victis
1265 2749 1495 2809 solacia
1523 2746 2074 2825 amplectebantur.
2150 2745 2338 2805 Multi

437 2850 826 2912 semianimes
868 2867 1051 2925 super
1079 2857 1279 2906 turres
1310 2856 1374 2905 et
1402 2843 1869 2925 propugnacula
1896 2842 2211 2901 moenium
2239 2863 2340 2901 ex-

439 2948 782 3027 spiravere:
838 2944 1145 3003 convulsis
1186 2942 1385 3022 portis
1428 2942 1702 3021 reliquus
1741 2940 1961 3018 globus
2004 2938 2231 2998 obtulit
2271 2958 2337 2998 se

438 3043 811 3115 victoribus3
868 3051 931 3100 et
981 3040 1256 3100 cecidere
1315 3058 1529 3098 omnes
1586 3035 1911 3097 contrariis
1960 3035 2336 3108 vulneribus,

439 3140 602 3199 versi
646 3141 710 3198 in
757 3141 1039 3197 hostem:
1096 3156 1168 3195 ea
1224 3155 1372 3195 cura
1427 3135 1617 3193 etiam
1671 3132 2078 3193 morientibus
2126 3132 2338 3191 decori

440 3236 643 3295 exitus
680 3235 820 3294 fuit.

519 3330 831 3403 Vitellius,
876 3342 1057 3409 capta
1101 3330 1272 3401 urbe,
1323 3348 1434 3406 per
1490 3348 1768 3388 aversam
1812 3327 2041 3388 Palatii
2090 3336 2338 3407 partem

441 3426 829 3485 Aventinum
885 3426 947 3484 in
999 3427 1254 3485 domum'
1295 3426 1503 3484 uxoris
1547 3426 1765 3484 sellula
1808 3425 2103 3499 defertur,
2148 3423 2336 3496 ut‚,si

440 3522 609 3581 diem
651 3523 889 3581 latebra
932 3522 1267 3594 vitavisset,
1312 3521 1713 3581 Tarracinam
1763 3523 1840 3581 ad
1891 3522 2177 3582 cohortes
2222 3521 2339 3580 fra·
