2738 4048
344 230 426 293 84
907 243 1300 291 EXCERPTA
1343 242 1774 292 TACITIANA.

530 403 626 462 29.
694 400 959 482 Ignarus
987 401 1241 460 interim
1272 400 1471 460 Galba
1500 411 1563 460 et
1592 402 1779 461 sacris
1806 401 2088 463 intentus
2127 401 2351 482 fatiga-

447 499 557 559 bat
586 492 771 558 alieni
802 500 935 578 jam
964 498 1210 577 imperii
1238 499 1404 571 deOS,
1436 518 1575 558 cum
1606 499 1859 558 affertur
1886 519 2097 558 rumor
2123 499 2255 578 rapi
2284 500 2350 558 in

450 609 653 656 castra
693 596 1000 655 incertum
1044 615 1228 673 quem
1270 604 1638 669 senatorem,
1669 616 1815 654 mox
1858 595 2175 655 Othonem
2216 615 2350 656 esse

451 693 555 772 qui
598 703 955 770 raperetur:
1000 688 1178 750 simul
1221 712 1297 751 ex
1341 702 1476 752 tota
1519 692 1685 765 urbe,
1715 701 1787 752 ut
1829 692 2086 772 quisque
2128 692 2351 753 obvius

167 805 373 907 Ἃδ
451 790 674 861 fuerat,
718 788 823 846 alii
863 787 1196 846 formidine
1241 798 1555 867 augentes,
1598 789 1851 868 quidam
1898 789 2142 848 minora
2186 809 2350 863 vero,

449 905 528 944 ne
565 894 703 944 tum
732 883 983 962 quidem
1014 885 1191 943 obliti
1221 884 1616 944 adulationis,
1700 884 1904 963 Igitur
1946 886 2349 946 consultanti-

412 986 416 990 '
449 983 565 1040 bus
592 981 825 1058 placuit
852 981 1195 1073 pertentari
1227 980 1499 1040 animum
1530 982 1800 1041 cohortis
1829 1001 1984 1062 quae
2012 983 2076 1041 in
2101 981 2349 1042 Palatio

450 1078 782 1138 stationem
812 1078 1051 1157 agebat,
1081 1098 1195 1137 nec
1221 1098 1333 1157 per
1361 1079 1563 1157 ipsum
1594 1078 1872 1151 Galbam,
1905 1079 2078 1157 cujus
2107 1079 2352 1158 integra

451 1176 785 1236 auctoritas
841 1175 1174 1254 majoribus
1230 1175 1516 1235 remediis
1573 1177 1948 1236 servabatur.
2032 1176 2181 1236 Piso
2236 1197 2348 1256 pro

344 1288 406 1334 10
446 1273 742 1354 gradibus
773 1273 991 1331 domus
1021 1284 1273 1332 vocatos
1303 1272 1366 1331 in
1397 1274 1561 1332 hunc
1586 1274 1843 1332 modum
1874 1273 2176 1333 allocutus
2218 1282 2350 1334 est:

450 1379 467 1408 ⁶
484 1380 694 1430 sextus
721 1370 850 1429 dies
876 1371 1095 1448 agitur,
1119 1369 1588 1443 commilitones,
1609 1389 1685 1428 ex
1708 1390 1828 1448 quo
1859 1353 2109 1449 ignarus
2134 1369 2351 1445 futuri,

451 1478 515 1528 et
572 1467 701 1526 sive
758 1467 1100 1544 optandum
1157 1467 1274 1524 hoc
1329 1487 1553 1525 nomen
1611 1466 1740 1526 sive
1794 1466 2142 1526 timendum
2197 1476 2350 1542 erat,

451 1567 679 1627 Caesar
696 1565 965 1624 adscitus
989 1583 1141 1637 sum,
1162 1583 1282 1643 quo
1307 1563 1528 1623 domus
1551 1573 1795 1623 nostrae
1819 1573 1926 1623 aut
1955 1565 2041 1623 rei
2070 1565 2350 1644 publicae

448 1662 599 1735 fato,
629 1663 691 1722 in
720 1671 925 1720 vestra
955 1681 1139 1719 manu
1170 1661 1441 1739 positum
1466 1671 1595 1734 est3
1623 1681 1747 1719 non
1771 1661 1915 1740 quia
1934 1680 2073 1720 meo
2099 1663 2349 1724 nomine

343 1775 404 1820 15
448 1760 780 1820 tristiorem
812 1778 1020 1817 casum
1048 1778 1325 1836 paveam,
1355 1768 1424 1816 ut
1454 1757 1557 1837 qui
1588 1758 1877 1818 adversas
1918 1777 2014 1818 res
2058 1769 2348 1839 expertus

451 1877 592 1916 cum
647 1857 915 1915 maxime
959 1857 1190 1915 discam
1234 1876 1312 1914 ne
1356 1857 1655 1915 secundas
1698 1855 1948 1935 quidem
1990 1856 2192 1916 minus
2234 1858 2352 1917 dis-

450 1952 723 2011 criminis
772 1952 1035 2010 habere:
1092 1953 1283 2031 patris
1335 1963 1398 2012 et
1455 1964 1702 2012 senatus
1751 1962 1816 2012 et
1859 1952 2052 2032 ipsius
2107 1954 2348 2034 imperii

450 2050 649 2109 vicem
681 2050 877 2122 doleo,
909 2049 958 2108 si
988 2050 1163 2108 nobis
1194 2059 1302 2109 aut
1331 2050 1529 2130 perire
1565 2050 1749 2137 hodie
1792 2071 2040 2111 necesse
2083 2062 2194 2136 est,
2224 2063 2349 2126 aut,

452 2151 618 2228 quod
648 2155 839 2229 aeque
884 2153 1043 2231 apud
1085 2155 1279 2214 bonos
1322 2157 1615 2216 miserum
1659 2167 1768 2230 est,
1799 2157 2096 2217 occidere.
2184 2154 2349 2214 Sola-

342 2261 406 2306 20
449 2247 611 2306 cium
666 2248 930 2325 proximi
987 2260 1191 2311 motus
1241 2254 1616 2315 habebamus
1672 2255 2058 2314 incruentam
2115 2252 2346 2325 urbem,

452 2354 516 2404 et
557 2365 655 2404 res
697 2345 828 2405 sine
872 2347 1178 2408 discordia
1220 2353 1588 2412 translatas:
1645 2352 1960 2432 provisum
2010 2350 2347 2430 adoptione

452 2444 798 2520 videbatur,
856 2456 925 2506 ut
987 2468 1064 2506 ne
1119 2458 1261 2527 post
1316 2449 1579 2509 Galbam
1637 2450 1887 2530 quidem
1942 2449 2105 2509 bello
2176 2449 2347 2509 locus

453 2542 651 2610 esset?

532 2643 626 2701 30.
697 2642 909 2702 ‘Nihil
940 2644 1238 2722 arrogabo
1267 2644 1418 2703 mihi
1454 2644 1796 2704 nobilitatis
1827 2653 1935 2705 aut
1962 2643 2346 2717 modestiae3

450 2759 649 2819 neque
692 2740 856 2799 enim
897 2727 1098 2799 relatu
1136 2741 1438 2801 virtutum
1482 2742 1546 2800 in
1592 2742 2049 2822 comparatione
2079 2741 2348 2801 Othonis

448 2843 604 2915 opus
646 2847 777 2897 est:
821 2837 991 2912 vitia,
1037 2838 1256 2916 quibus
1299 2839 1443 2898 solis
1485 2839 1800 2917 gloriatur,
1844 2850 2120 2900 evertere
2162 2839 2348 2917 impe-

449 2935 627 3009 rium,
652 2935 841 2994 etiam
871 2955 1009 2994 cum
1041 2935 1302 2994 amicum
1334 2936 1717 3014 imperatoris
1741 2946 1969 3016 ageret.
2029 2935 2348 2996 Habitune

447 3040 510 3090 et
539 3031 780 3092 incessu
808 3052 884 3091 an
914 3032 1021 3091 illo
1051 3032 1332 3091 muliebri
1363 3043 1584 3092 ornatu
1612 3043 1950 3092 mereretur
1975 3032 2301 3111 imperium
2321 3032 2350 3090 *Ρ

450 3127 779 3188 Falluntur
820 3130 1040 3209 quibus
1079 3129 1324 3187 luxuria
1368 3130 1570 3209 specie
1611 3129 1996 3188 liberalitatis
2039 3128 2347 3208 imponit:

450 3226 706 3301 perdere
763 3227 880 3286 iste
938 3226 1108 3300 sciet,
1155 3226 1384 3285 donare
1439 3227 1692 3286 nesciet.
1780 3226 2007 3304 Stupra
2062 3246 2227 3285 nunc
2283 3236 2348 3285 et

451 3322 915 3382 comissationes
944 3334 1006 3383 et
1034 3323 1404 3382 feminarum
1436 3334 1648 3383 coetus
1676 3322 1875 3381 volvit
1905 3322 2112 3382 animo
2139 3343 2152 3381 :
2194 3324 2348 3381 haec

450 3417 829 3495 principatus
871 3419 1143 3497 praemia
1184 3429 1380 3496 putat,
1410 3440 1666 3497 quorum
1710 3418 1902 3476 libido
1945 3438 2016 3477 ac
2059 3419 2350 3497 voluptas

344 3525 405 3569 10
448 3531 637 3589 penes
665 3513 864 3589 ipsum
904 3516 999 3586 sit,
1029 3514 1217 3572 rubor
1248 3536 1318 3574 ac
1348 3516 1618 3575 dedecus
1647 3534 1836 3593 penes
1865 3535 2080 3575 omnes
2105 3536 2121 3589 ;
2163 3536 2347 3575 nemo

341 3045 371 3088 0!
