2738 4048
767 283 1292 332 HISTORIARUM
1335 283 1560 330 LIBER
1606 282 2013 332 SECUNDUS.

365 443 750 524 Sanguinem
779 462 920 503 arae
950 440 1274 501 offundere
1304 440 1608 500 vetitum:
1649 442 1973 520 praecibus
2016 449 2080 501 et
2121 441 2267 521 igne

364 561 519 619 puro
570 541 792 600 altaria
836 539 1185 611 adolentur,
1227 558 1343 597 nec
1386 538 1527 597 ullis
1568 538 1870 598 imbribus
1914 558 2266 619 quanquam

363 638 430 696 in
482 648 695 717 aperto
746 637 1125 696 madescunt.
1210 635 1626 695 Simulacrum
1675 636 1828 694 deae
1885 656 2010 696 non
2069 637 2267 715 effigie

363 735 651 806 humana,
682 734 1010 794 continuus
1041 732 1205 792 orbis
1234 732 1457 791 latiore
1487 732 1665 791 initio
1700 742 1954 793 tenuem
1984 733 2052 792 in
2083 733 2270 793 ambi-

363 843 500 891 tum
530 842 732 890 metae
763 831 951 890 modo
982 848 1332 907 exsurgenS,
1362 829 1662 888 sedratio
1693 829 1754 888 in
1790 831 2069 890 obscuro,

444 929 500 987 4.
556 928 753 1001 Titus,
774 935 1054 1006 spectata
1077 925 1398 1004 opulentia
1420 926 1719 1005 donisque
1743 947 1960 1006 regum
1991 948 2267 1008 quaeque

364 1025 486 1084 alia
531 1026 766 1083 laetum
812 1022 1284 1102 antiquitatibus
1326 1022 1707 1082 Graecorum
1753 1044 1950 1104 genus
1998 1024 2269 1085 incertae

362 1121 664 1181 vetustati
719 1110 973 1198 affingit,
1028 1119 1108 1178 de
1176 1119 1574 1197 navigatione
1644 1121 1912 1200 primum
1983 1121 2266 1181 consulit.

341 1219 708 1297 ,Postquam
728 1217 919 1296 pandi
940 1216 1106 1276 viam
1135 1225 1199 1275 et
1227 1232 1397 1276 mare
1427 1237 1789 1297 prosperum
1820 1219 2072 1296 accepit,
2093 1219 2172 1277 de
2202 1238 2267 1277 se

362 1336 477 1397 per
497 1316 785 1395 ambages
813 1315 1157 1392 interrogat
1180 1315 1372 1374 caesis
1396 1316 1814 1394 compluribus
1836 1316 2071 1375 hostiis,
2130 1315 2266 1375 Sos-

362 1422 563 1474 tratus
598 1412 931 1491 (sacerdoti
960 1411 1022 1470 id
1054 1431 1276 1471 nomen
1310 1415 1472 1491 erat)
1508 1413 1614 1472 ubi
1642 1415 1807 1482 laeta
1836 1421 1899 1473 et
1929 1433 2270 1492 congruen-

363 1510 455 1570 tia
482 1518 629 1569 exta
658 1509 1016 1587 magnisque
1046 1509 1344 1568 consultis
1368 1529 1635 1568 annuere
1660 1510 1842 1568 deam
1867 1509 2054 1582 videt,
2073 1527 2270 1587 pauca

363 1607 432 1665 in
461 1625 749 1685 praesens
791 1614 855 1664 et
897 1605 1081 1665 solita
1107 1607 1507 1684 respondens,
1536 1607 1734 1685 petito
1779 1614 2015 1666 secreto
2057 1605 2272 1664 futura

366 1703 581 1782 aperit.
664 1702 847 1762 Titus
894 1711 1077 1762 aucto
1122 1703 1325 1762 animo
1366 1703 1445 1761 ad
1489 1713 1729 1781 patrem
1771 1711 2116 1782 pervectuS,
2146 1721 2271 1761 sus-

365 1800 570 1880 pensis
611 1799 1069 1879 provinciarum
1124 1809 1189 1860 et
1238 1799 1621 1860 exercituum
1677 1799 2009 1873 mentibuS,
2053 1798 2271 1878 ingens

365 1917 570 1957 rerum
599 1897 827 1957 fiducia
858 1897 1132 1957 accessit.
1388 1908 1409 1974 g

449 1994 900 2074 Profligaverat
941 1995 1170 2055 bellum
1202 1995 1246 2057 J
1252 1994 1539 2055 udaicum
1567 1995 2004 2075 Vespasianus,
2037 2013 2270 2074 oppug-

368 2093 620 2153 natione
651 2092 1225 2172 Hierosolymorum
1270 2094 1523 2172 reliqua,
1555 2093 1711 2154 duro
1749 2093 1946 2173 magis
1976 2102 2040 2152 et
2076 2092 2270 2151 arduo

370 2211 553 2270 opere
577 2192 656 2252 ob
678 2189 1001 2270 ingenium
1023 2189 1253 2249 montis
1276 2200 1339 2249 et
1361 2189 1768 2269 pervicaciam
1792 2188 2270 2269 superstitioni&

370 2308 552 2368 quam
585 2308 705 2368 quo
736 2287 883 2347 satis
915 2286 1139 2345 virium
1170 2287 1430 2346 obsessis
1461 2287 1541 2345 ad
1571 2288 1922 2347 tolerandas
1950 2286 2273 2347 necessita-

368 2397 468 2446 tes
524 2394 886 2466 superesset.
979 2384 1151 2457 Tres,
1209 2393 1282 2443 ut
1350 2404 1536 2462 supra
1601 2384 2098 2458 memoravimuS,
2156 2383 2273 2462 ipsi

370 2483 757 2564 Vespasiano
812 2484 1087 2563 legiones
1145 2490 1340 2555 erant,
1385 2481 1691 2541 exercitae
1734 2482 1936 2540 bello:
1980 2490 2274 2560 quattuor

372 2579 699 2640 Mucianus
729 2581 1051 2641 obtinebat
1079 2580 1139 2638 in
1171 2598 1341 2658 pace,
1375 2578 1481 2637 sed
1527 2576 1859 2636 aemulatio
1902 2586 1966 2637 et
2006 2575 2273 2655 proximi

372 2679 678 2738 exercitus
718 2679 916 2758 gloria
956 2679 1274 2758 depulerat
1318 2674 1663 2755 segnitiam,
1694 2682 2113 2754 quantumque
2154 2671 2273 2730 illis

371 2775 608 2835 roboris
650 2776 1006 2835 discrimina
1048 2786 1113 2836 et
1154 2776 1344 2849 labor,
1391 2781 1637 2834 tantum
1692 2772 1788 2831 his
1830 2769 2062 2849 vigoris
2106 2768 2274 2827 addi-

374 2872 553 2932 derat
607 2872 850 2952 integra
895 2873 1066 2952 quies
1123 2883 1187 2932 et
1241 2870 1552 2951 inexperti
1601 2869 1750 2928 belli
1798 2887 1999 2927 amor:
2050 2865 2277 2924 auxilia

374 2970 620 3050 utrique
664 2970 1006 3030 cohortium
1053 2970 1408 3050 alarumque
1459 2979 1524 3029 et
1572 2968 1795 3028 classes
1852 2983 2148 3043 regesque
2204 2983 2274 3022 ac

373 3087 600 3127 nomen
632 3067 859 3147 dispari
887 3067 1055 3127 fama
1084 3068 1339 3127 celebre.

456 3163 510 3222 5.
566 3162 987 3243 Vespasianus
1029 3184 1167 3227 acer
1207 3163 1464 3222 militiae
1509 3155 1742 3222 anteire
1788 3177 2026 3239 agmen,
2066 3157 2275 3215 locum

376 3260 590 3321 castris
620 3280 855 3339 capere,
886 3270 1072 3320 noctu
1102 3261 1331 3339 diuque
1363 3259 1618 3320 consilio
1651 3277 1739 3330 ac,
1772 3257 1821 3316 si
1852 3276 1947 3316 res
1976 3261 2273 3334 posceret,

374 3378 566 3417 manu
607 3358 887 3417 hostibus
936 3357 1152 3430 obniti,
1198 3357 1333 3415 cibo
1379 3355 1657 3426 fortuito,
1709 3363 1883 3412 veste
1933 3350 2274 3429 habituque

375 3456 486 3514 vix
528 3474 563 3513 a
602 3455 884 3534 gregario
927 3455 1121 3513 milite
1166 3454 1556 3532 discrepans3
1606 3465 1880 3530 prorsus,
1923 3449 1973 3510 si
2016 3447 2277 3508 avaritia

378 3552 638 3626 abesset,
667 3551 932 3629 antiquis
974 3551 1231 3611 ducibus
1271 3569 1403 3629 par.
1485 3548 1845 3608 Mucianum
1888 3567 1921 3607 e
1964 3545 2272 3608 contrario

2291 265 2373 331 91

2311 748 2372 794 15

2315 1812 2377 1858 10

2317 2880 2378 2925 10

2349 3556 2381 3603 5
