2738 4048
366 188 451 254 58

366 377 424 421 15

364 1637 426 1683 10

950 202 1342 249 ΕΧΟΕΒΡΤΑ
1385 201 1740 249 TAGITIAN
1742 199 1816 247 A.

467 360 864 420 matrimonia
919 379 990 419 ac
1046 360 1338 438 pecunias
1386 358 1656 419 hostium
1710 357 1980 436 praedae
2036 357 2372 418 destinare.

472 457 686 517 Tertia
712 457 909 516 ferme
931 456 1145 537 vigilia
1173 456 1541 516 assultatum
1569 464 1663 515 est
1693 455 1907 514 castris
1930 454 2062 514 sine
2085 456 2378 534 conjectu

470 555 601 628 teli,
624 567 949 634 postquam
972 554 1214 613 crebras
1242 574 1355 632 pro
1385 552 1785 613 munimentis
1808 554 2094 613 cohortes
2122 562 2187 613 et
2213 552 2375 613 nihil

470 653 791 712 remissum
822 672 1081 711 sensere.

553 749 648 808 14.
731 749 879 807 Nox
929 748 1146 807 eadem
1194 749 1424 807 laetam
1465 747 1832 808 Germanico
1884 747 2157 828 quietem
2203 747 2371 821 tulit,

470 845 753 924 viditque
796 865 860 905 se
903 856 1245 923 operatum,
1275 858 1339 905 et
1380 845 1680 925 sanguine
1712 846 1868 906 sacri
1894 865 2175 925 respersa
2202 865 2374 925 prae-

471 940 648 1001 texta
688 941 1102 1020 pulchriorem
1145 943 1327 1001 aliam
1372 943 1655 1003 manibus
1697 944 1869 1003 aviae
1911 944 2235 1022 Augustae
2279 962 2374 1002 ac-

472 1038 724 1117 cepisse.
806 1042 1049 1099 Auctus
1092 1039 1315 1113 omine,
1360 1040 1796 1101 addicentibus
1838 1040 2142 1119 auspiciis,
2186 1049 2371 1099 vocat

473 1136 833 1195 concionem
855 1145 917 1195 et
941 1156 1096 1216 quae
1126 1137 1429 1215 sapientia
1449 1138 1697 1216 provisa
1725 1148 1992 1217 aptaque
2021 1137 2371 1197 imminenti

471 1252 716 1313 pugnae
747 1233 1011 1293 disserit.
1080 1233 1143 1291 N
1149 1254 1228 1293 on
1260 1253 1510 1313 campos
1540 1235 1726 1294 modo
1757 1235 1942 1295 militi
1972 1234 2257 1294 Romano
2288 1233 2370 1292 ad

469 1331 773 1411 proelium
801 1331 1014 1402 bonOS‚
1045 1331 1156 1389 sed
1185 1331 1234 1389 si
1263 1332 1422 1391 ratio
1454 1332 1633 1407 adsit,
1663 1332 1848 1392 silvas
1886 1342 1952 1392 et
1988 1331 2219 1405 saltus;
2255 1350 2370 1390 nec

470 1427 638 1487 enim
665 1428 964 1486 immensa
991 1428 1399 1488 barbarorum
1427 1440 1619 1503 scuta,
1651 1429 1920 1488 enormis
1947 1429 2175 1501 hastae,
2204 1427 2372 1487 inter

470 1534 724 1584 truncos
754 1524 1041 1583 arborum
1070 1534 1133 1584 et
1164 1536 1347 1584 enata
1374 1527 1564 1585 humo
1587 1526 1859 1604 virgulta
1880 1525 2137 1604 perinde
2159 1524 2370 1584 haberi

468 1642 650 1701 quam
680 1621 806 1701 pila
862 1631 926 1681 et
980 1622 1222 1702 gladios
1278 1632 1342 1683 et
1399 1623 1719 1682 hacrentia
1774 1622 2015 1702 corpori
2070 1621 2369 1702 tegmina.

471 1720 825 1779 Denserent
855 1720 1033 1794 ictus,
1064 1742 1174 1781 ora
1201 1722 1596 1780 mucronibus
1626 1730 2024 1800 quaererent:
2065 1740 2189 1779 non
2232 1719 2371 1778 lori-

471 1837 606 1876 cam
635 1817 965 1893 GermanO,
993 1839 1118 1878 non
1161 1820 1423 1898 galeam,
1452 1839 1530 1878 ne
1568 1830 1744 1879 scuta
1773 1818 2022 1898 quidem
2049 1818 2209 1877 ferro
2239 1837 2372 1876 ner-

470 1933 630 1973 vove
672 1915 933 1988 firmata,
963 1917 1071 1976 sed
1101 1916 1404 1976 viminum
1432 1927 1642 1976 textus
1670 1917 1772 1975 vel
1800 1915 2005 1975 tenuis
2034 1924 2097 1974 et
2126 1915 2370 1975 fucatas

366 2126 428 2171 15

362 2616 425 2662 20

471 2012 679 2073 colore‘
734 2013 1013 2088 tabulas3
1081 2012 1346 2091 primam
1403 2027 1736 2094 utcumque
1793 2013 1987 2073 aciem
2041 2013 2370 2085 hastatam‚

471 2112 690 2171 ceteris
718 2120 1008 2190 praeusta
1056 2121 1161 2169 aut
1196 2111 1414 2170 brevia
1454 2113 1597 2171 tela.
1678 2111 1824 2172 Jam
1866 2130 2089 2189 corpus
2130 2121 2202 2172 ut
2231 2109 2372 2169 visu

471 2220 723 2270 torvum
752 2221 816 2277 et
846 2212 925 2269 ad
954 2210 1205 2269 brevem
1250 2207 1551 2286 impetum
1579 2209 1873 2281 validum,
1902 2208 1991 2267 sic
2032 2207 2203 2266 nulla
2241 2208 2372 2267 vul-

471 2328 687 2367 nerum
726 2307 1066 2387 patientia:
1110 2306 1240 2365 sine
1270 2305 1507 2383 pudore
1536 2305 1775 2383 flagitii,
1804 2304 1934 2363 sine
1966 2324 2113 2365 cura
2140 2305 2373 2363 ducum

473 2405 661 2480 abire,
717 2407 969 2485 fugere3
1029 2403 1291 2484 pavidos
1347 2403 1643 2475 adversiS,
1699 2403 1865 2461 inter
1917 2401 2189 2471 secunda
2243 2421 2370 2461 non

472 2503 685 2578 divini,
716 2526 840 2564 non
882 2503 1137 2563 humani
1178 2501 1334 2583 juris
1377 2519 1696 2564 memores.
1782 2499 1848 2558 Si
1892 2498 2098 2559 taedio
2129 2498 2372 2558 viarum

468 2621 539 2662 ac
567 2603 753 2662 maris
781 2603 967 2661 finem
999 2602 1269 2680 cupiant,
1290 2600 1407 2658 hac
1437 2597 1566 2656 acie
1597 2597 1831 2675 parari:
1861 2596 2213 2675 propiorem
2238 2598 2373 2676 jam

467 2699 677 2759 Albim
723 2719 909 2779 quam
950 2698 1260 2771 Rhenum,
1302 2715 1503 2775 neque
1544 2694 1777 2754 bellum
1819 2695 1998 2766 ultra,
2039 2693 2226 2753 modo
2283 2712 2369 2766 se,

468 2797 663 2877 patris
706 2797 1034 2876 patruique
1075 2796 1342 2874 vestigia
1383 2802 1786 2874 prementem,
1829 2791 2030 2850 isdem
2076 2790 2143 2849 in
2183 2790 2369 2851 terris

467 2895 770 2954 victorem
812 2894 1118 2953 sisterent.

549 2991 644 3052 15.
716 2991 1074 3050 Orationem
1100 2989 1273 3049 ducis
1304 2999 1550 3049 secutus
1579 2987 1843 3047 militurn
1876 2986 2076 3057 ardor,
2101 2983 2360 3062 signum-

468 3109 585 3166 que
620 3109 864 3168 pugnae
899 3088 1131 3147 datum.
1217 3087 1354 3145 Nec
1384 3086 1706 3145 Arminius
1749 3094 1854 3142 aut
1898 3081 2088 3142 ceteri
2119 3081 2371 3140 Germa-

466 3206 686 3245 norum
730 3206 1012 3264 proceres
1063 3184 1436 3243 omittebant·
1482 3203 1623 3242 suos
1670 3182 1928 3262 quisque
1973 3178 2207 3251 testari,
2253 3179 2368 3236 hos

467 3302 597 3340 esse
641 3283 956 3341 Romanos
995 3281 1256 3340 Variani
1299 3280 1606 3338 exercitus
1648 3278 2095 3358 fugacissimos,
2139 3274 2243 3353 qui
2286 3294 2366 3332 ne

467 3378 697 3436 bellum
727 3380 1082 3449 tolerarent,
1113 3377 1483 3437 seditionem
1525 3376 1876 3448 induerint3
1920 3395 2182 3454 quorum
2225 3391 2367 3451 pars

467 3484 687 3535 onusta
708 3475 1066 3535 vulneribus
1096 3485 1291 3552 terga,
1317 3495 1457 3553 pars
1485 3474 1774 3533 fluctibus
1804 3484 1867 3532 ct
1896 3472 2183 3551 procellis
2213 3471 2368 3529 frac-
