2738 4048
884 299 1345 349 SENTENTLAE
1391 297 1867 346 TACITLANAE.
2253 279 2379 345 163

460 462 535 511 50.
582 460 738 510 Haud
763 474 968 522 semper
991 464 1132 508 errat
1154 459 1311 517 fama,
1334 456 1613 519 aliquando
1637 460 1691 505 et
1715 457 1862 518 eligit
1891 455 2015 518 (Ag.
2040 455 2114 519 9).

460 544 537 591 51.
582 542 704 604 Ipsa
729 540 1132 589 dissimulatione
1145 538 1321 588 famae
1344 538 1543 586 famam
1567 537 1716 586 auxit
1744 537 1868 599 (Ag.
1894 537 1995 600 18).

460 621 537 670 52.
585 621 777 669 Omnia
795 621 942 678 scire,
962 634 1063 669 non
1079 619 1262 668 omnia
1278 619 1525 679 exsequi:
1548 617 1730 680 parvis
1749 617 1979 679 peccatis
1999 617 2228 677 veniam,
2246 631 2385 680 mag-

374 703 454 751 nis
480 703 814 750 severitatem
840 700 1172 749 commodare
1202 698 1325 760 (Ag.
1353 699 1453 757 19).

461 784 537 831 53.
587 782 916 844 Iniquissima
939 782 1068 829 haec
1091 779 1345 828 bellorum
1382 778 1613 827 conditio
1646 784 1757 838 est;
1790 793 2041 843 prospera
2072 794 2249 830 omnes
2284 780 2384 829 sibi

375 864 655 921 vindicant,
678 863 902 911 adversa
924 861 1015 910 uni
1038 861 1364 922 imputantur
1392 859 1511 921 (Ag.
1532 859 1638 921 27).

460 944 536 993 54.
586 943 752 992 Omne
777 942 1014 1004 ignotum
1035 955 1132 1003 pro
1156 939 1436 1002 magnifico
1458 946 1540 988 est
1566 939 1690 1001 (Ag.
1716 939 1821 1002 30).

461 1025 538 1073 55.
586 1024 686 1073 Ubi
711 1023 1043 1072 solitudinem
1067 1021 1288 1079 faciunt,
1312 1034 1500 1083 pacem
1523 1021 1788 1081 appellant
1814 1020 1939 1084 (Ag.
1965 1021 2069 1084 30).

460 1105 539 1153 56.
587 1104 692 1165 Qui
715 1105 896 1152 timere
922 1103 1185 1161 desierint,
1209 1102 1382 1152 odisse
1405 1101 1657 1164 incipient
1682 1101 1807 1164 (Ag.
1832 1102 1937 1164 32).

462 1186 540 1234 57.
584 1185 876 1233 Pessimum
901 1184 1229 1232 inimicorum
1253 1198 1434 1245 genus,
1458 1182 1730 1231 laudantes
1759 1184 1883 1245 (Ag.
1907 1183 2011 1245 41).

462 1267 539 1315 58.
585 1265 866 1327 Proprium
888 1265 1102 1312 humani
1124 1265 1322 1326 ingenii
1346 1271 1443 1323 est,
1467 1263 1635 1313 odisse
1660 1278 1814 1326 quem
1840 1264 2050 1313 laeseris
2078 1263 2200 1326 (Ag.
2225 1263 2328 1325 42).

463 1347 539 1395 59.
586 1345 740 1395 Nullo
764 1345 1007 1395 credente
1030 1345 1104 1393 sic
1128 1346 1405 1394 accelerari
1428 1360 1561 1407 quae
1586 1345 1747 1393 tristis
1771 1344 1976 1393 audiret
2003 1344 2126 1406 (Ag.
2150 1344 2255 1407 43).

464 1428 542 1476 60.
590 1427 797 1476 Bonum
822 1427 994 1475 virum
1021 1426 1175 1475 facile
1200 1426 1455 1484 crederes,
1481 1440 1728 1488 magnum
1757 1426 1979 1474 libenter
2006 1425 2128 1488 (Ag.
2152 1425 2255 1486 44).

464 1509 541 1557 61.
591 1508 663 1557 Ut
679 1509 855 1556 vultus
874 1508 1161 1566 hominum,
1179 1507 1256 1556 ita
1280 1508 1560 1556 simulacra
1582 1507 1760 1555 vultus
1784 1507 2048 1556 imbecilla
2065 1520 2127 1554 ac
2146 1506 2387 1555 mortalia

381 1596 520 1650 sunt,
543 1589 714 1640 forma
734 1590 926 1639 mentis
949 1595 1162 1639 aeterna
1188 1588 1313 1651 (Ag.
1338 1589 1445 1650 46).

467 1680 544 1729 62.
590 1680 642 1733 Is
665 1686 745 1731 est
766 1686 955 1738 orator,
980 1681 1069 1742 qui
1093 1680 1155 1729 de
1181 1680 1325 1729 omni
1349 1678 1655 1741 quaestione
1678 1677 1891 1740 pulchre
1926 1683 1980 1725 et
2013 1680 2196 1726 ornate
2229 1680 2284 1724 et
2317 1674 2387 1724 ad

381 1761 804 1825 persuadendum
826 1767 951 1825 apte
974 1761 1145 1812 dicere
1170 1760 1337 1824 possit
1364 1759 1528 1822 (nial.-
1554 1758 1616 1808 de
1642 1757 1789 1808 Orat.
1814 1757 1922 1820 31).
