2738 4048
709 276 714 279 ’
819 274 1226 324 ANNALIUM
1267 276 1489 322 LIBER
1534 276 1830 326 SEXTUS.

682 610 815 676 AN
818 611 882 675 N
884 611 1196 678 ALIUM
1260 614 1546 679 LIBER
1607 613 1997 680 SEXTUS.

338 789 381 869 ἵ
414 810 509 871 56.
578 810 621 872 J
625 829 725 870 am
768 810 1090 870 Tiberium
1132 833 1375 893 corpuS,
1415 816 1547 895 jam
1588 815 1769 890 vires,
1798 817 2080 880 nondum
2118 819 2237 880 dis·

331 907 643 968 simulatio
688 907 1041 969 de'serebat:
1099 909 1268 968 idem
1324 911 1517 971 animi
1571 913 1780 992 rigor3
1836 934 2120 988 sermone
2163 938 2236 978 ac

330 1005 512 1066 vultu
559 1004 857 1078 intentus,
904 1006 1185 1084 quaesita
1239 1007 1556 1069 interdum
1606 1011 1919 1086 comitate,
1955 1015 2236 1094 quamvis

2259 264 2342 331 73

329 1101 729 1162 manifestam
758 1102 1176 1162 defectionem
1205 1106 1478 1183 tegebat.
1562 1106 1952 1191 Mutatisque
1993 1113 2236 1191 saepius
2274 1146 2277 1149 ·

330 1199 483 1258 locis
526 1198 781 1257 tandem
824 1199 991 1277 apud
1030 1202 1527 1278 promontorium
1569 1203 1801 1265 Miseni
1844 1209 2128 1269 consedit
2168 1210 2235 1269 in

328 1296 495 1370 villa,
526 1295 624 1355 cui
652 1294 722 1354 L.
752 1293 1048 1355 Lucullus
1078 1299 1393 1375 quondam
1422 1300 1729 1364 dominus.
1790 1303 1929 1366 Illic
1958 1325 2100 1365 eum
2129 1326 2232 1385 ap-

329 1391 746 1474 propinquare
765 1392 1063 1472 supremis
1084 1394 1192 1452 tali
1210 1396 1400 1458 modo
1425 1409 1831 1479 compertum.
1876 1403 2033 1463 Erat
2050 1405 2239 1463 medi-

332 1514 440 1554 cus
468 1502 601 1555 arte
630 1495 907 1575 insignis,
937 1499 1189 1567 nomine
1221 1500 1554 1576 Charicles,
1584 1523 1708 1562 non
1743 1502 1991 1580 quidem
2019 1521 2235 1580 regere

330 1591 722 1652 valetudines
744 1596 1040 1675 principis
1058 1598 1294 1672 solituS‚
1314 1600 1552 1659 consilii
1576 1611 1784 1660 tamen
1810 1598 2050 1677 copiam
2066 1618 2236 1677 prae·

331 1689 498 1750 bere.
581 1689 645 1750 Is
687 1691 868 1752 velut,
916 1694 1170 1774 propria
1210 1696 1291 1755 ad
1335 1697 1589 1776 negotia
1630 1695 1985 1774 digrediens
2027 1706 2090 1755 et
2128 1715 2241 1774 per

332 1790 601 1870 speci'em
623 1791 807 1851 officii
835 1812 1088 1853 manum
1118 1793 1479 1873 complexus
1506 1793 1753 1872 pulsum
1773 1811 2072 1852 venarum
2101 1791 2237 1852 atti-

331 1887 448 1970 git.
537 1886 759 1968 Neque
787 1889 1051 1951 fefellit:
1095 1911 1240 1950 nam
1271 1891 1575 1964 Tiberius,
1605 1890 1911 1949 incertum
1939 1908 2018 1948 an
2046 1888 2238 1950 offen-

333 2011 437 2074 sus
485 1998 784 2071 tantoque
832 1989 1030 2072 magis
1085 1990 1245 2050 iram
1287 2008 1593 2071 premenS,
1641 1986 1973 2049 instaurari
2026 1987 2238 2066 epulas

332 2093 512 2173 jubet
535 2091 989 2170 discumbitque
1015 2090 1178 2149 ultra
1207 2089 1478 2161 solitum,
1502 2086 1677 2166 quasi
1705 2085 1926 2148 honori
1947 2086 2239 2145 ’abeuntis

334 2189 518 2251 amici
572 2189 897 2249 tribueret.
983 2186 1294 2248 Charicles
1355 2195 1563 2246 tamen
1613 2184 1737 2243 labi
1786 2182 2074 2262 spiritum
2123 2202 2240 2242 nec

335 2288 501 2348 ultra
519 2285 781 2345 biduum
803 2286 1169 2344 duraturum
1187 2283 1469 2344 Macroni
1490 2281 1780 2341 firmavit.
1836 2280 1993 2339 Inde
2017 2289 2241 2339 cuncta

335 2388 656 2468 colloquiis
682 2387 846 2446 inter
869 2392 1240 2464 praesentes,
1266 2380 1498 2441 nuntiis
1521 2380 1687 2458 apud
1715 2379 1953 2457 legatos
1981 2387 2045 2437 et
2075 2397 2241 2436 exer-

335 2486 497 2546 citus
525 2484 998 2545 festinabantur.
1083 2479 1434 2558 Septimum
1479 2477 1789 2536 decimum
1832 2474 1975 2534 Kal.
2004 2473 2241 2552 Aprilis

334 2582 671 2643 interclusa
699 2579 905 2639 anima
935 2577 1207 2637 creditus
1243 2584 1338 2634 est
1376 2572 1821 2634 mortalitatem
1863 2570 2241 2648 explevisse3

337 2690 403 2741 et
431 2681 628 2740 multo
656 2689 1015 2759 gratantum
1045 2694 1342 2735 concursu
1385 2673 1465 2731 ad
1503 2669 1804 2749 capienda
1842 2665 2084 2745 imperii
2127 2665 2244 2743 pri-

337 2778 583 2837 mordia
606 2779 790 2838 Caius
815 2778 1040 2838 Caesar
1063 2771 1520 2852 egrediebatur,
1544 2788 1685 2827 cum
1708 2774 1960 2845 repente
1984 2761 2243 2821 affertur

338 2875 541 2934 redire
565 2875 818 2933 Tiberio
836 2893 1054 2934 vocem
1079 2890 1150 2929 ac
1171 2868 1358 2942 visus,
1380 2865 1713 2943 vocarique
1739 2862 1843 2943 qui
1873 2859 2242 2920 recreandae

340 2971 679 3031 defectioni
728 2971 935 3031 cibum
991 2968 1298 3029 afferrent.
1359 2964 1569 3023 Pavor
1614 2962 1756 3021 hinc
1797 2961 1861 3019 in
1904 2975 2135 3028 omneS‚
2178 2964 2244 3016 et

342 3070 533 3128 ceteri
557 3068 783 3147 passim
807 3065 1099 3146 dispergi,
1122 3084 1186 3125 se
1210 3064 1467 3143 quisque
1495 3070 1800 3119 maestum
1831 3065 1940 3115 aut
1968 3052 2245 3113 nescium

339 3165 609 3245 fingere3
653 3165 879 3224 Caesar
906 3163 970 3223 in
1001 3162 1313 3222 silentium
1342 3159 1498 3217 fixus
1537 3176 1573 3216 a
1614 3173 1854 3215 summa
1895 3171 2003 3230 spe
2045 3148 2248 3209 novis-

341 3261 498 3322 sima
551 3261 941 3340 expectabat.
1038 3257 1252 3317 Macro
1307 3254 1654 3332 intrepidus
1710 3248 1980 3329 opprimi
2035 3265 2247 3307 senem

343 3359 574 3438 injectu
602 3360 836 3417 multae
865 3356 1054 3417 vestis
1094 3355 1274 3435 jubet
1304 3351 1661 3430 discedique
1706 3349 1782 3408 ab
1826 3346 2056 3405 limine.
2143 3343 2247 3405 Sic

343 3455 632 3515 Tiberius
659 3454 880 3527 finivit,
909 3462 1133 3512 octavo
1162 3461 1226 3511 et
1256 3447 1711 3529 septuagesimo
1741 3443 1964 3504 aetatis
1995 3461 2177 3502 anno⁸

427 3552 523 3612 57.
599 3552 791 3611 Pater
831 3551 889 3611 ei
924 3549 1094 3609 Nero
1141 3559 1205 3608 et
1248 3546 1559 3625 utrimque
1603 3543 1777 3624 origo
1820 3540 2027 3622 gentis
2069 3538 2247 3599 Clau-

1319 3657 1351 3705 4

2281 1709 2342 1754 10

2281 2169 2345 2241 15

2283 2680 2348 2725 20

2286 3163 2349 3208 25

2328 3437 2369 3520 y<

2439 3405 2537 3444 i**

2458 3437 2487 3482 (ι
