2738 4048
336 279 463 343 156
929 292 1319 341 ΕΧΟΕΒΡΤΑ
1362 290 1790 339 TAGITIANA.

333 469 365 513 5
442 452 858 513 commendat.
942 451 1109 510 Nolo
1158 450 1499 509 Corvinum
1554 447 1816 529 insequi,
1863 447 2010 530 quia
2062 467 2179 507 nec
2234 467 2352 526 per

442 551 645 629 ipsum
667 549 846 610 stetit
870 569 991 627 quo
1015 548 1218 607 minus
1247 547 1553 607 laetitiam
1574 547 1963 625 nitoremque
1993 555 2349 605 nostrorum

442 659 796 726 temporum
825 645 1221 724 exprimeret,
1252 655 1316 704 et
1344 642 1647 717 videmuS,
1677 641 1740 702 in
1771 652 2074 723 quantum
2107 641 2348 723 judicio

443 745 500 824 ej
513 765 581 803 us
609 744 703 803 vis
734 753 840 802 aut
869 742 1058 801 animi
1090 751 1197 801 aut
1225 740 1464 820 ingenii
1494 740 1833 799 suffecerit.

524 843 619 899 22.
677 840 784 897 Ad
836 839 1197 898 Ciceronem
1253 838 1459 910 venio,
1507 838 1606 896 cui
1662 837 1882 896 eadem
1937 855 2149 916 pugna
2205 855 2350 895 cum

442 935 803 1015 aequalibus
830 936 955 994 suis
983 936 1104 995 fuit
1134 955 1289 1014 quae
1318 935 1472 994 mihi
1500 934 1820 1020 vobiscum
1851 944 1964 994 est.
2049 933 2149 992 Illi
2179 932 2350 991 enim

442 1034 731 1112 antiquos
759 1032 1163 1106 mirabantur,
1194 1032 1324 1110 ipse
1367 1051 1620 1090 suorum
1664 1042 2017 1109 temporum
2061 1031 2351 1108 eloquen-

440 1130 595 1190 tiam
639 1130 1086 1207 anteponebat3
1133 1149 1248 1187 nec
1291 1129 1420 1187 ulla
1462 1148 1526 1187 re
1568 1128 1762 1207 magis
1806 1137 2080 1187 oratores
2123 1127 2349 1187 aetatis

333 1243 365 1288 5
444 1226 727 1306 ejusdem
762 1227 1105 1305 praecurrit
1135 1245 1319 1304 quam
1360 1226 1615 1305 judicio,
1700 1226 1948 1284 Primus
1977 1224 2143 1283 enim
2173 1243 2346 1283 exco‘

439 1324 560 1383 luit
591 1324 951 1397 orationem,
983 1324 1215 1402 primus
1258 1334 1321 1383 et
1363 1323 1569 1382 verbis
1610 1323 1912 1382 dilectum
1955 1321 2250 1395 adhibuit·
2285 1330 2351 1379 et

443 1420 877 1499 compositioni
921 1430 1135 1491 artem,
1177 1421 1345 1478 locos
1390 1439 1633 1498 quoque
1676 1418 1966 1477 laetiores
2008 1417 2351 1478 attentavit

443 1528 509 1578 et
538 1519 835 1598 quasdam
864 1516 1202 1576 sententias
1231 1517 1492 1589 invenit,
1522 1516 1737 1594 utique
1767 1515 1830 1574 in
1861 1515 1934 1575 iis
1965 1514 2349 1575 orationibus

441 1636 592 1696 quas
618 1617 749 1696 jam
779 1615 983 1673 senior
1012 1623 1074 1673 et
1113 1615 1296 1692 juxta
1324 1613 1512 1671 finem
1541 1613 1706 1671 vitae
1737 1612 2102 1691 composuit,
2131 1612 2197 1670 id
2236 1622 2351 1685 est,

335 1729 397 1774 10
438 1724 768 1792 postquam
823 1711 1019 1790 magis
1087 1711 1437 1789 profecerat
1493 1730 1729 1789 usuque
1787 1721 1850 1770 et
1907 1709 2352 1789 experimentis

442 1809 750 1868 didicerat
795 1810 962 1888 quod
1014 1808 1318 1885 optimum
1367 1807 1618 1866 dicendi
1668 1827 1865 1887 genus
1914 1817 2094 1866 osset.
2179 1806 2351 1866 Nam

441 1907 676 1985 priores
724 1908 859 1986 ejus
908 1901 1219 1966 orationes
1265 1926 1394 1964 non
1440 1915 1657 1965 carent
1697 1905 1869 1964 vitiis
1921 1905 2350 1986 antiquitatis:

443 2004 648 2064 lentus
679 2014 772 2063 est
803 2004 863 2062 in
897 2003 1233 2083 principiis,
1264 2004 1484 2083 longus
1513 2002 1577 2062 in
1607 2003 2080 2078 narrationibuS,
2112 2003 2350 2065 otiosus

444 2102 605 2160 circa
660 2120 975 2174 excessus3
1044 2101 1222 2160 tarde
1267 2108 1737 2174 commovetur,
1792 2121 1931 2161 raro
1988 2102 2350 2180 incalescit3

337 2211 399 2257 15
439 2196 620 2276 pauci
662 2217 873 2256 sensus
903 2209 1044 2275 apte
1076 2210 1138 2257 et
1169 2218 1308 2257 cum
1339 2200 1606 2276 quodam
1634 2200 1867 2259 lumine
1900 2201 2345 2261 terminantur:

443 2298 597 2357 nihil
640 2318 988 2379 excerpere,
1030 2301 1186 2360 nihil
1236 2303 1466 2362 referre
1516 2303 1728 2382 possis,
1773 2313 1837 2362 et
1875 2304 2048 2361 velut
2098 2302 2161 2360 in
2206 2300 2347 2360 rudi

443 2395 739 2471 aedificic,
766 2397 978 2457 firmus
1007 2419 1151 2458 sane
1180 2400 1382 2477 paries
1411 2410 1473 2459 et
1504 2400 1851 2474 duraturuS,
1882 2400 1993 2459 sed
2027 2419 2151 2459 non
2196 2397 2349 2458 satis

445 2495 756 2574 expolitus
805 2507 869 2555 et
917 2497 1269 2576 splendens,
1352 2497 1490 2576 Ego
1548 2508 1757 2556 autem
1814 2507 2144 2569 oratorem,
2188 2489 2350 2555 sicut

442 2594 816 2674 locupletem
845 2614 915 2654 ac
944 2595 1182 2654 lautum
1211 2596 1454 2673 patrem
1492 2594 1782 2668 familiae,
1812 2615 1936 2654 non
1981 2613 2055 2653 eo
2098 2602 2350 2653 tantum

333 2705 398 2751 20
440 2692 582 2751 volo
625 2701 791 2751 tecto
836 2692 965 2770 tegi
1015 2692 1181 2770 quod
1227 2693 1488 2750 imbrem
1539 2711 1609 2751 ac
1657 2703 1917 2751 ventum
1967 2701 2193 2765 arceat,
2236 2681 2348 2749 sed

444 2788 632 2847 etiam
662 2788 827 2867 quod
857 2788 1058 2846 visum
1089 2797 1152 2847 et
1181 2788 1393 2847 oculos
1422 2788 1694 2848 delectet
1712 2808 1727 2862 ;
1768 2808 1895 2848 non
1926 2808 1999 2847 ea
2028 2789 2227 2847 solum
2258 2788 2348 2847 in-

411 2884 414 2885 ’
447 2884 601 2944 strui
643 2884 1021 2963 supellectile
1065 2905 1220 2964 quae
1261 2884 1620 2944 necessariis
1662 2885 1875 2945 usibus
1918 2885 2197 2957 sufficiat,
2237 2885 2347 2944 sed

444 2981 523 3039 sit
552 2981 613 3039 in
647 2990 945 3059 apparatu
976 2981 1106 3059 ejus
1137 2991 1199 3040 et
1230 3001 1445 3040 aurum
1475 2993 1879 3060 et·gemmae,
1910 2991 1982 3041 ut
2011 3001 2250 3040 sumere
2281 2981 2347 3040 in

442 3097 661 3136 manus
691 3086 754 3136 et
784 3077 1052 3155 aspicere
1076 3077 1317 3155 saepius
1347 3077 1556 3136 libeat.
1616 3077 1937 3148 Quaedam
1962 3098 2109 3136 vero
2130 3079 2347 3156 procul

336 3188 399 3232 25
443 3185 769 3233 arceantur
797 3184 868 3233 ut
907 3176 1037 3254 jam
1082 3174 1408 3233 obliterata
1437 3185 1500 3233 et
1531 3175 1793 3233 olentia:
1836 3175 2077 3233 nullum
2106 3175 2186 3234 sit
2216 3194 2347 3233 ver-

441 3271 590 3329 bum
647 3272 821 3330 velut
874 3271 1160 3350 rubigine
1216 3270 1530 3344 infectum,
1570 3271 1721 3330 nulli
1778 3290 1990 3330 sensus
2045 3270 2229 3329 tarda
2284 3279 2347 3330 et

443 3366 630 3426 inerti
688 3377 998 3426 structura
1053 3367 1116 3425 in
1173 3387 1410 3426 morem
1470 3368 1783 3426 annalium
1851 3377 2348 3445 componantur3

441 3463 676 3541 fugitet
715 3464 965 3522 foedam
1009 3474 1072 3523 et
1114 3464 1407 3523 insulsam
1451 3464 1905 3537 scurrilitatem,
1947 3463 2146 3523 variet
2186 3483 2348 3522 com-

444 3559 836 3633 positionem,
867 3579 981 3617 nec
1023 3579 1234 3618 omnes
1277 3561 1580 3620 clausulas
1622 3580 1745 3619 uno
1788 3571 1852 3620 et
1894 3560 2115 3619 eodem
2156 3559 2346 3618 modo

339 3665 400 3708 30
445 3651 833 3709 determinet.
