2738 4048
349 259 476 324 158
913 276 1303 323 ΕΧΟΕΒΡΤΑ
1347 274 1776 322 TACITIANA.

454 434 697 515 sin‘gula
747 433 958 494 statim
1016 443 1381 513 argumenta
1436 433 1814 493 concludens
1864 433 2111 493 dicendi
2164 452 2368 512 genus

346 549 410 595 35
452 535 589 614 plus
619 532 767 592 fidei
797 541 1106 590 meretur:
1150 532 1313 609 apud
1358 532 1470 590 hos
1510 530 1752 590 dedisse
1796 550 2048 610 operam
2091 530 2368 591 dialecti-

454 652 560 692 cae
601 629 902 712 proficiet.
987 628 1165 688 Alios
1195 628 1335 688 fusa
1363 639 1429 688 et
1458 627 1794 707 aequabilis
1825 638 1889 689 et
1917 648 1994 688 ex
2023 628 2368 688 communi-

451 730 568 789 bus
595 730 782 788 ducta
811 726 1093 785 sensibus
1125 725 1323 784 oratio
1361 724 1562 804 magis
1603 725 1909 784 delectat:
1952 725 2030 783 ad
2073 725 2186 806 hos
2227 745 2367 804 per-

451 826 793 886 movendos
851 822 1273 882 mutuabimur
1342 842 1380 881 a
1435 821 1870 901 Peripateticis
1925 831 2104 901 aptos
2158 831 2225 882 et
2292 823 2363 883 in

454 943 699 983 omnem
755 918 1241 999 disputationem
1299 928 1551 998 paratos
1610 918 1744 996 jam
1812 920 2000 979 locos
2099 918 2363 981 Dabunt

344 1035 407 1080 40
449 1018 809 1079 Academici
838 1021 1320 1097 pugnacitatem‚
1347 1016 1534 1076 Plato
1565 1016 1978 1089 altitudinem,
2001 1015 2361 1095 Xenophon

441 1117 942 1197 jucunditatem:
1005 1134 1082 1173 ne
1129 1112 1388 1192 Epicuri
1445 1112 1697 1191 quidem
1749 1121 1812 1172 et
1857 1112 2202 1172 Metrodori
2250 1114 2359 1173 ho·

449 1225 658 1276 nestas
686 1214 1160 1274 exclamationes
1190 1229 1518 1281 assumere,
1553 1210 1747 1288 iisque
1789 1218 1975 1288 prout
2016 1229 2113 1269 res
2156 1210 2357 1288 poscit

449 1312 559 1387 uti,
584 1314 850 1372 alienum
881 1312 1002 1371 erit
1023 1306 1271 1369 oratori.
1355 1306 1580 1383 Neque
1599 1306 1766 1364 enim
1795 1305 2138 1384 sapientem
2166 1307 2358 1367 infor-

448 1432 687 1471 mamus
715 1431 828 1470 nec
860 1410 1210 1470 Stoicarum
1242 1404 1582 1475 civitatem,
1607 1404 1716 1461 sed
1746 1422 1890 1462 eum
1919 1404 2025 1481 qui
2055 1404 2355 1482 quasdam

450 1519 611 1568 artes
641 1508 902 1581 haurire,
934 1528 1147 1567 omnes
1179 1505 1372 1564 libare
1402 1501 1608 1559 debet.

530 1609 622 1667 36.
682 1608 917 1687 Magna
959 1606 1328 1685 eloquentia,
1371 1605 1531 1666 sicut
1571 1606 1836 1681 flamma,
1867 1607 2126 1667 materia
2166 1606 2355 1666 alitur

449 1715 511 1765 et
542 1706 811 1765 motibus
840 1706 1150 1765 excitatur
1179 1715 1242 1765 et
1272 1707 1510 1766 urendo
1540 1705 1838 1765 clarescit.
1920 1701 2163 1760 Eadem
2190 1703 2354 1759 ratio

447 1802 510 1861 in
541 1813 751 1863 nostra
781 1824 1024 1883 quoque
1054 1804 1308 1863 civitate
1338 1802 1733 1881 antiquorum
1767 1798 2187 1880 eloquentiam
2215 1817 2356 1878 pro-

447 1900 637 1959 vexit.
725 1900 891 1959 Nam
921 1901 1037 1960 etsi
1067 1902 1286 1960 horum
1316 1921 1561 1980 quoque
1592 1911 1945 1981 temporum
1972 1911 2250 1962 oratores
2278 1918 2356 1959 ea

340 2010 371 2056 5
452 1998 762 2058 consecuti
799 2008 962 2072 sunt,
1000 2018 1155 2077 quae
1198 1999 1538 2078 composita
1579 2009 1644 2059 et
1683 2000 1897 2079 quieta
1931 2010 1995 2061 et
2039 2000 2224 2059 beata
2266 2017 2357 2058 re-

447 2094 694 2172 publica
742 2094 930 2154 tribui
985 2095 1081 2154 fas
1138 2105 1287 2169 erat,
1330 2105 1541 2156 tamen
1598 2098 1704 2158 illa
1756 2099 2222 2178 perturbatione
2280 2116 2355 2156 ac

447 2190 699 2248 licentia
753 2191 928 2269 plura
997 2191 1111 2250 sibi
1181 2196 1421 2273 assequi
1477 2198 1871 2276 videbantur,
1929 2223 2070 2262 cum
2138 2199 2354 2261 mixtis

448 2285 733 2345 omnibus
763 2297 825 2346 et
855 2287 1247 2371 moderatore
1277 2311 1402 2352 uno
1433 2297 1784 2358 carentibus
1813 2308 2060 2360 tantum
2091 2299 2350 2378 quisque

447 2392 654 2443 orator
708 2395 953 2463 saperet
1010 2396 1310 2464 quantum
1381 2394 1612 2454 erranti
1682 2396 1912 2474 populo
1980 2396 2351 2474 persuadere

341 2498 399 2542 10
440 2491 707 2561 poterat.
792 2481 956 2543 Hinc
985 2484 1152 2563 leges
1181 2488 1462 2549 assiduae
1493 2500 1557 2550 et
1585 2493 1883 2571 populare
1926 2512 2170 2564 nomen,
2199 2492 2351 2551 hinc

447 2580 773 2641 conciones
816 2583 1289 2662 magistratuum
1333 2609 1531 2667 paene
1577 2589 2074 2667 pernoctantium
2117 2589 2181 2648 in
2222 2609 2351 2648 ros-

443 2679 574 2752 tris,
602 2678 746 2737 hinc
775 2680 1193 2744 accusationes
1223 2684 1576 2764 potentium
1607 2706 1852 2745 reorum
1891 2696 1955 2745 et
1997 2685 2348 2765 assignatae

446 2777 631 2836 etiam
661 2775 946 2837 domibus
976 2778 1354 2853 inimicitiae,
1386 2782 1529 2841 hinc
1571 2803 1893 2861 procerum
1937 2783 2241 2843 factiones
2283 2792 2350 2842 et

445 2873 690 2936 assidua
744 2885 991 2934 senatus
1050 2878 1344 2948 adversus
1400 2880 1643 2958 plebem
1701 2881 2055 2941 certamina.
2170 2880 2348 2951 Quae

338 2984 400 3030 15
442 2970 684 3050 singula
754 2972 869 3031 etsi
941 2974 1372 3035 distrahebant
1440 2976 1903 3055 rempublicam,
1975 2977 2349 3037 exercebant

444 3077 650 3128 tamen
681 3068 929 3130 illorum
959 3082 1312 3151 temporum
1337 3073 1753 3152 eloquentiam
1786 3082 1848 3133 et
1877 3075 2118 3154 magnis
2142 3093 2350 3133 cumu-

444 3166 571 3224 lare
624 3169 911 3245 praemiis
969 3169 1355 3239 videbantur,
1404 3169 1546 3247 quia
1601 3180 1834 3248 quanto
1892 3170 2148 3250 quisque
2204 3171 2345 3248 plus

442 3262 708 3325 dicendo
755 3277 1017 3345 poterat,
1062 3275 1241 3325 tanto
1289 3266 1528 3325 facilius
1574 3267 1837 3326 honores
1887 3268 2345 3346 assequebatur,

440 3368 617 3420 tanto
646 3362 845 3441 magis
886 3363 947 3421 in
984 3362 1131 3442 ipsis
1171 3363 1508 3422 honoribus
1552 3364 1820 3441 collegas
1862 3384 2002 3423 suos
2046 3364 2346 3435 anteibat,

335 3469 397 3515 20
439 3465 616 3517 tanto
640 3461 779 3537 plus
808 3461 972 3539 apud
993 3459 1299 3538 principes
1326 3459 1585 3538 gratiae,
1608 3461 1744 3538 plus
1769 3460 2153 3520 auctoritatis
2177 3459 2345 3538 apud

442 3561 669 3629 patres,
698 3554 837 3629 plus
865 3552 1125 3612 notitiae
1155 3572 1225 3612 ac
1254 3554 1520 3613 nominis
1563 3554 1728 3632 apud
1771 3555 2018 3633 plebem
2060 3555 2344 3630 parabat.
