<?xml version="1.0" encoding="UTF-8"?>
<!DOCTYPE html PUBLIC "-//W3C//DTD XHTML 1.0 Transitional//EN"
    "http://www.w3.org/TR/xhtml1/DTD/xhtml1-transitional.dtd">
<html xmlns="http://www.w3.org/1999/xhtml" xml:lang="en" lang="en">
 <head>
  <title>
</title>
<meta http-equiv="Content-Type" content="text/html;charset=utf-8" />
  <meta name='ocr-system' content='tesseract 3.04.00' />
  <meta name='ocr-capabilities' content='ocr_page ocr_carea ocr_par ocr_line ocrx_word'/>
</head>
<body>
  <div class='ocr_page' id='page_1' title='image "./excerptatacitia00chamgoog_0101.png"; bbox 0 0 2738 4048; ppageno 0'>
   <div class='ocr_carea' id='block_1_1' title="bbox 833 259 2404 325">
    <p class='ocr_par' dir='ltr' id='par_1_1' title="bbox 833 259 2404 325">
     <span class='ocr_line' id='line_1_1' title="bbox 833 259 2404 325; baseline 0.001 -4"><span class='ocrx_word' id='word_1_1' title='bbox 833 274 1351 322; x_wconf 79' lang='lat' dir='ltr'><strong>HISTORIARUM</strong></span> <span class='ocrx_word' id='word_1_2' title='bbox 1395 275 1617 325; x_wconf 82' lang='lat' dir='ltr'><strong>LIBER</strong></span> <span class='ocrx_word' id='word_1_3' title='bbox 1668 275 1966 322; x_wconf 68' lang='lat' dir='ltr'>ramos.</span> <span class='ocrx_word' id='word_1_4' title='bbox 2322 259 2404 323; x_wconf 87' lang='lat'>83</span> 
     </span>
    </p>
   </div>
   <div class='ocr_carea' id='block_1_2' title="bbox 349 432 2617 3620">
    <p class='ocr_par' dir='ltr' id='par_1_2' title="bbox 349 432 2617 1970">
     <span class='ocr_line' id='line_1_2' title="bbox 399 432 2297 512; baseline -0.001 -18"><span class='ocrx_word' id='word_1_5' title='bbox 399 433 722 494; x_wconf 82' lang='lat' dir='ltr'>ambitiose</span> <span class='ocrx_word' id='word_1_6' title='bbox 753 432 1061 507; x_wconf 83' lang='lat' dir='ltr'>coluerat3</span> <span class='ocrx_word' id='word_1_7' title='bbox 1102 452 1248 492; x_wconf 92' lang='lat' dir='ltr'>mox</span> <span class='ocrx_word' id='word_1_8' title='bbox 1292 433 1522 493; x_wconf 79' lang='lat' dir='ltr'><strong>attritis</strong></span> <span class='ocrx_word' id='word_1_9' title='bbox 1565 432 1803 512; x_wconf 88' lang='lat' dir='ltr'>opibus,</span> <span class='ocrx_word' id='word_1_10' title='bbox 1833 432 2070 493; x_wconf 91' lang='lat' dir='ltr'>lubrico</span> <span class='ocrx_word' id='word_1_11' title='bbox 2108 442 2297 509; x_wconf 90' lang='lat' dir='ltr'>statu,</span> 
     </span>
     <span class='ocr_line' id='line_1_3' title="bbox 398 530 2404 611; baseline -0.001 -18"><span class='ocrx_word' id='word_1_12' title='bbox 398 540 685 611; x_wconf 88' lang='lat' dir='ltr'>suspecta</span> <span class='ocrx_word' id='word_1_13' title='bbox 740 530 929 590; x_wconf 90' lang='lat' dir='ltr'>etiam</span> <span class='ocrx_word' id='word_1_14' title='bbox 973 530 1218 590; x_wconf 88' lang='lat' dir='ltr'>Claudii</span> <span class='ocrx_word' id='word_1_15' title='bbox 1258 530 1594 605; x_wconf 81' lang='lat' dir='ltr'>iracundia,</span> <span class='ocrx_word' id='word_1_16' title='bbox 1637 530 1705 590; x_wconf 92' lang='lat' dir='ltr'>in</span> <span class='ocrx_word' id='word_1_17' title='bbox 1759 530 2296 591; x_wconf 84' lang='lat' dir='ltr'>secretum&#39;Asiae</span> <span class='ocrx_word' id='word_1_18' title='bbox 2373 545 2404 590; x_wconf 87' lang='lat'><strong>5</strong></span> 
     </span>
     <span class='ocr_line' id='line_1_4' title="bbox 400 627 2300 709; baseline -0.002 -20"><span class='ocrx_word' id='word_1_19' title='bbox 400 629 700 709; x_wconf 89' lang='lat' dir='ltr'>sepositus</span> <span class='ocrx_word' id='word_1_20' title='bbox 743 638 871 687; x_wconf 90' lang='lat' dir='ltr'>tam</span> <span class='ocrx_word' id='word_1_21' title='bbox 901 646 1091 707; x_wconf 82' lang='lat' dir='ltr'>prope</span> <span class='ocrx_word' id='word_1_22' title='bbox 1122 627 1199 687; x_wconf 90' lang='lat' dir='ltr'>ab</span> <span class='ocrx_word' id='word_1_23' title='bbox 1230 628 1410 687; x_wconf 82' lang='lat' dir='ltr'>exule</span> <span class='ocrx_word' id='word_1_24' title='bbox 1439 628 1561 687; x_wconf 80' lang='lat' dir='ltr'>fuit</span> <span class='ocrx_word' id='word_1_25' title='bbox 1590 647 1776 707; x_wconf 90' lang='lat' dir='ltr'>quam</span> <span class='ocrx_word' id='word_1_26' title='bbox 1803 637 2021 706; x_wconf 91' lang='lat' dir='ltr'>postea</span> <span class='ocrx_word' id='word_1_27' title='bbox 2062 648 2098 687; x_wconf 99' lang='lat' dir='ltr'>a</span> <span class='ocrx_word' id='word_1_28' title='bbox 2137 627 2300 706; x_wconf 92' lang='lat' dir='ltr'>prin-</span> 
     </span>
     <span class='ocr_line' id='line_1_5' title="bbox 400 723 2295 805; baseline -0.001 -20"><span class='ocrx_word' id='word_1_29' title='bbox 400 726 553 805; x_wconf 91' lang='lat' dir='ltr'>cipe.</span> <span class='ocrx_word' id='word_1_30' title='bbox 634 725 909 784; x_wconf 89' lang='lat' dir='ltr'>Luxuria</span> <span class='ocrx_word' id='word_1_31' title='bbox 962 724 1285 798; x_wconf 89' lang='lat' dir='ltr'>industria,</span> <span class='ocrx_word' id='word_1_32' title='bbox 1342 724 1636 784; x_wconf 90' lang='lat' dir='ltr'>comitate</span> <span class='ocrx_word' id='word_1_33' title='bbox 1693 724 2059 803; x_wconf 85' lang='lat' dir='ltr'>arrogantia,</span> <span class='ocrx_word' id='word_1_34' title='bbox 2113 723 2295 784; x_wconf 88' lang='lat' dir='ltr'>malis</span> 
     </span>
     <span class='ocr_line' id='line_1_6' title="bbox 399 821 2299 903; baseline -0.001 -21"><span class='ocrx_word' id='word_1_35' title='bbox 399 823 694 903; x_wconf 85' lang='lat' dir='ltr'>bonisque</span> <span class='ocrx_word' id='word_1_36' title='bbox 726 822 959 882; x_wconf 90' lang='lat' dir='ltr'>artibus</span> <span class='ocrx_word' id='word_1_37' title='bbox 986 821 1255 880; x_wconf 88' lang='lat' dir='ltr'>mixtus:</span> <span class='ocrx_word' id='word_1_38' title='bbox 1298 821 1523 880; x_wconf 85' lang='lat' dir='ltr'>nimiae</span> <span class='ocrx_word' id='word_1_39' title='bbox 1554 822 1923 900; x_wconf 77' lang='lat' dir='ltr'>voluptateS,</span> <span class='ocrx_word' id='word_1_40' title='bbox 1953 841 2096 881; x_wconf 90' lang='lat' dir='ltr'>cum</span> <span class='ocrx_word' id='word_1_41' title='bbox 2125 841 2299 882; x_wconf 91' lang='lat' dir='ltr'>vaca-</span> 
     </span>
     <span class='ocr_line' id='line_1_7' title="bbox 349 918 2299 999; baseline 0 -21"><span class='ocrx_word' id='word_1_42' title='bbox 349 960 352 963; x_wconf 30' lang='grc' dir='ltr'><strong><em>ι</em></strong></span> <span class='ocrx_word' id='word_1_43' title='bbox 400 930 527 994; x_wconf 93' lang='lat' dir='ltr'>ret;</span> <span class='ocrx_word' id='word_1_44' title='bbox 571 920 856 999; x_wconf 91' lang='lat' dir='ltr'>quotiens</span> <span class='ocrx_word' id='word_1_45' title='bbox 886 918 1260 997; x_wconf 85' lang='lat' dir='ltr'>expedierat,</span> <span class='ocrx_word' id='word_1_46' title='bbox 1292 938 1553 997; x_wconf 89' lang='lat' dir='ltr'>magnae</span> <span class='ocrx_word' id='word_1_47' title='bbox 1583 918 1881 992; x_wconf 82' lang='lat' dir='ltr'>virtutes3</span> <span class='ocrx_word' id='word_1_48' title='bbox 1926 919 2132 997; x_wconf 89' lang='lat' dir='ltr'>palam</span> <span class='ocrx_word' id='word_1_49' title='bbox 2175 919 2299 978; x_wconf 91' lang='lat' dir='ltr'>lau-</span> 
     </span>
     <span class='ocr_line' id='line_1_8' title="bbox 402 1015 2407 1095; baseline 0 -19"><span class='ocrx_word' id='word_1_50' title='bbox 402 1017 595 1092; x_wconf 78' lang='lat' dir='ltr'>dareS,</span> <span class='ocrx_word' id='word_1_51' title='bbox 646 1027 882 1077; x_wconf 89' lang='lat' dir='ltr'>secreta</span> <span class='ocrx_word' id='word_1_52' title='bbox 936 1017 1095 1075; x_wconf 90' lang='lat' dir='ltr'>male</span> <span class='ocrx_word' id='word_1_53' title='bbox 1157 1015 1528 1075; x_wconf 85' lang='lat' dir='ltr'>audiebant:</span> <span class='ocrx_word' id='word_1_54' title='bbox 1588 1015 1696 1075; x_wconf 90' lang='lat' dir='ltr'>sed</span> <span class='ocrx_word' id='word_1_55' title='bbox 1755 1016 1921 1094; x_wconf 88' lang='lat' dir='ltr'>apud</span> <span class='ocrx_word' id='word_1_56' title='bbox 1976 1017 2302 1095; x_wconf 87' lang='lat' dir='ltr'>subjectos,</span> <span class='ocrx_word' id='word_1_57' title='bbox 2345 1031 2407 1076; x_wconf 86' lang='grc' dir='ltr'>1ο</span> 
     </span>
     <span class='ocr_line' id='line_1_9' title="bbox 402 1111 2298 1194; baseline 0.001 -22"><span class='ocrx_word' id='word_1_58' title='bbox 402 1114 563 1194; x_wconf 90' lang='lat' dir='ltr'>apud</span> <span class='ocrx_word' id='word_1_59' title='bbox 605 1113 933 1193; x_wconf 88' lang='lat' dir='ltr'>proximos,</span> <span class='ocrx_word' id='word_1_60' title='bbox 964 1111 1129 1192; x_wconf 91' lang='lat' dir='ltr'>apud</span> <span class='ocrx_word' id='word_1_61' title='bbox 1176 1112 1443 1191; x_wconf 88' lang='lat' dir='ltr'>collegas</span> <span class='ocrx_word' id='word_1_62' title='bbox 1486 1112 1669 1172; x_wconf 89' lang='lat' dir='ltr'>variis</span> <span class='ocrx_word' id='word_1_63' title='bbox 1711 1112 2014 1172; x_wconf 83' lang='lat' dir='ltr'>illecebris</span> <span class='ocrx_word' id='word_1_64' title='bbox 2057 1120 2298 1191; x_wconf 88' lang='lat' dir='ltr'>potens,</span> 
     </span>
     <span class='ocr_line' id='line_1_10' title="bbox 402 1208 2538 1299; baseline -0 -29"><span class='ocrx_word' id='word_1_65' title='bbox 402 1221 465 1270; x_wconf 89' lang='lat' dir='ltr'>et</span> <span class='ocrx_word' id='word_1_66' title='bbox 508 1210 607 1270; x_wconf 91' lang='lat' dir='ltr'>cui</span> <span class='ocrx_word' id='word_1_67' title='bbox 648 1210 995 1290; x_wconf 86' lang='lat' dir='ltr'>expeditius</span> <span class='ocrx_word' id='word_1_68' title='bbox 1037 1209 1224 1269; x_wconf 89' lang='lat' dir='ltr'>fuerit</span> <span class='ocrx_word' id='word_1_69' title='bbox 1274 1208 1521 1268; x_wconf 87' lang='lat' dir='ltr'>tradere</span> <span class='ocrx_word' id='word_1_70' title='bbox 1575 1209 1901 1288; x_wconf 89' lang='lat' dir='ltr'>imperium</span> <span class='ocrx_word' id='word_1_71' title='bbox 1957 1229 2142 1289; x_wconf 89' lang='lat' dir='ltr'>quam</span> <span class='ocrx_word' id='word_1_72' title='bbox 2198 1209 2302 1269; x_wconf 91' lang='lat' dir='ltr'>ob-</span> <span class='ocrx_word' id='word_1_73' title='bbox 2528 1278 2538 1299; x_wconf 35' lang='lat' dir='ltr'>x</span> 
     </span>
     <span class='ocr_line' id='line_1_11' title="bbox 402 1302 2617 1400; baseline -0.001 -32"><span class='ocrx_word' id='word_1_74' title='bbox 402 1307 615 1368; x_wconf 88' lang='lat' dir='ltr'>tinere.</span> <span class='ocrx_word' id='word_1_75' title='bbox 629 1302 919 1400; x_wconf 48' lang='lat' dir='ltr'>{Bellum</span> <span class='ocrx_word' id='word_1_76' title='bbox 946 1307 988 1367; x_wconf 83' lang='lat' dir='ltr'>J</span> <span class='ocrx_word' id='word_1_77' title='bbox 994 1307 1280 1366; x_wconf 90' lang='lat' dir='ltr'>udaicum</span> <span class='ocrx_word' id='word_1_78' title='bbox 1309 1305 1565 1366; x_wconf 87' lang='lat' dir='ltr'>Flavius</span> <span class='ocrx_word' id='word_1_79' title='bbox 1594 1305 2012 1382; x_wconf 87' lang='lat' dir='ltr'>Vespasianus</span> <span class='ocrx_word' id='word_1_80' title='bbox 2047 1307 2298 1384; x_wconf 89' lang='lat' dir='ltr'>(ducem</span> <span class='ocrx_word' id='word_1_81' title='bbox 2419 1303 2449 1351; x_wconf 44' lang='grc' dir='ltr'>ὃ(</span> <span class='ocrx_word' id='word_1_82' title='bbox 2544 1308 2560 1358; x_wconf 62' lang='lat' dir='ltr'>l</span> <span class='ocrx_word' id='word_1_83' title='bbox 2606 1336 2617 1377; x_wconf 67' lang='lat'>,-</span> 
     </span>
     <span class='ocr_line' id='line_1_12' title="bbox 402 1403 2296 1484; baseline -0.001 -20"><span class='ocrx_word' id='word_1_84' title='bbox 402 1424 543 1464; x_wconf 91' lang='lat' dir='ltr'>eum</span> <span class='ocrx_word' id='word_1_85' title='bbox 584 1404 757 1465; x_wconf 90' lang='lat' dir='ltr'>Nero</span> <span class='ocrx_word' id='word_1_86' title='bbox 800 1405 1139 1484; x_wconf 86' lang='lat' dir='ltr'>delegerat)</span> <span class='ocrx_word' id='word_1_87' title='bbox 1175 1405 1372 1464; x_wconf 88' lang='lat' dir='ltr'>tribus</span> <span class='ocrx_word' id='word_1_88' title='bbox 1415 1403 1761 1483; x_wconf 86' lang='lat' dir='ltr'>legionibus</span> <span class='ocrx_word' id='word_1_89' title='bbox 1806 1403 2296 1464; x_wconf 88' lang='lat' dir='ltr'>administrabat.</span> 
     </span>
     <span class='ocr_line' id='line_1_13' title="bbox 400 1500 2406 1580; baseline 0 -19"><span class='ocrx_word' id='word_1_90' title='bbox 400 1500 539 1561; x_wconf 88' lang='lat' dir='ltr'>Nec</span> <span class='ocrx_word' id='word_1_91' title='bbox 565 1501 950 1580; x_wconf 86' lang='lat' dir='ltr'>Vespasiano</span> <span class='ocrx_word' id='word_1_92' title='bbox 995 1502 1288 1562; x_wconf 88' lang='lat' dir='ltr'>adversus</span> <span class='ocrx_word' id='word_1_93' title='bbox 1319 1502 1583 1562; x_wconf 85' lang='lat' dir='ltr'>Galbam</span> <span class='ocrx_word' id='word_1_94' title='bbox 1614 1511 1830 1560; x_wconf 90' lang='lat' dir='ltr'>votum</span> <span class='ocrx_word' id='word_1_95' title='bbox 1872 1509 1981 1559; x_wconf 91' lang='lat' dir='ltr'>aut</span> <span class='ocrx_word' id='word_1_96' title='bbox 2024 1501 2297 1561; x_wconf 87' lang='lat' dir='ltr'>animus:</span> <span class='ocrx_word' id='word_1_97' title='bbox 2343 1517 2406 1562; x_wconf 85' lang='lat'>15</span> 
     </span>
     <span class='ocr_line' id='line_1_14' title="bbox 403 1598 2298 1678; baseline -0.001 -20"><span class='ocrx_word' id='word_1_98' title='bbox 403 1599 626 1678; x_wconf 90' lang='lat' dir='ltr'>quippe</span> <span class='ocrx_word' id='word_1_99' title='bbox 655 1598 869 1659; x_wconf 89' lang='lat' dir='ltr'>Titum</span> <span class='ocrx_word' id='word_1_100' title='bbox 897 1599 1093 1657; x_wconf 88' lang='lat' dir='ltr'>filium</span> <span class='ocrx_word' id='word_1_101' title='bbox 1136 1600 1216 1658; x_wconf 88' lang='lat' dir='ltr'>ad</span> <span class='ocrx_word' id='word_1_102' title='bbox 1258 1598 1723 1659; x_wconf 85' lang='lat' dir='ltr'>venerationem</span> <span class='ocrx_word' id='word_1_103' title='bbox 1767 1599 2125 1676; x_wconf 88' lang='lat' dir='ltr'>cultumque</span> <span class='ocrx_word' id='word_1_104' title='bbox 2168 1598 2298 1676; x_wconf 87' lang='lat' dir='ltr'>ejus</span> 
     </span>
     <span class='ocr_line' id='line_1_15' title="bbox 400 1695 2299 1769; baseline 0.001 -14"><span class='ocrx_word' id='word_1_105' title='bbox 400 1695 665 1769; x_wconf 86' lang='lat' dir='ltr'>miserat,</span> <span class='ocrx_word' id='word_1_106' title='bbox 708 1706 779 1756; x_wconf 91' lang='lat' dir='ltr'>ut</span> <span class='ocrx_word' id='word_1_107' title='bbox 827 1716 937 1755; x_wconf 91' lang='lat' dir='ltr'>suo</span> <span class='ocrx_word' id='word_1_108' title='bbox 992 1697 1128 1756; x_wconf 90' lang='lat' dir='ltr'>loco</span> <span class='ocrx_word' id='word_1_109' title='bbox 1177 1696 1674 1756; x_wconf 85' lang='lat' dir='ltr'>memorabimus.</span> <span class='ocrx_word' id='word_1_110' title='bbox 1761 1695 2022 1754; x_wconf 91' lang='lat' dir='ltr'>Occulta</span> <span class='ocrx_word' id='word_1_111' title='bbox 2075 1695 2188 1754; x_wconf 87' lang='lat' dir='ltr'>fati</span> <span class='ocrx_word' id='word_1_112' title='bbox 2234 1705 2299 1757; x_wconf 88' lang='lat' dir='ltr'>et</span> 
     </span>
     <span class='ocr_line' id='line_1_16' title="bbox 402 1791 2299 1873; baseline -0.001 -20"><span class='ocrx_word' id='word_1_113' title='bbox 402 1793 661 1853; x_wconf 89' lang='lat' dir='ltr'>ostentis</span> <span class='ocrx_word' id='word_1_114' title='bbox 689 1811 759 1852; x_wconf 90' lang='lat' dir='ltr'>ac</span> <span class='ocrx_word' id='word_1_115' title='bbox 788 1792 1094 1873; x_wconf 87' lang='lat' dir='ltr'>responsis</span> <span class='ocrx_word' id='word_1_116' title='bbox 1132 1793 1512 1852; x_wconf 86' lang='lat' dir='ltr'>destinatum</span> <span class='ocrx_word' id='word_1_117' title='bbox 1541 1791 1926 1870; x_wconf 85' lang='lat' dir='ltr'>Vespasiano</span> <span class='ocrx_word' id='word_1_118' title='bbox 1968 1791 2299 1871; x_wconf 88' lang='lat' dir='ltr'>liberisque</span> 
     </span>
     <span class='ocr_line' id='line_1_17' title="bbox 402 1889 1820 1970; baseline -0.001 -21"><span class='ocrx_word' id='word_1_119' title='bbox 402 1891 532 1969; x_wconf 89' lang='lat' dir='ltr'>ejus</span> <span class='ocrx_word' id='word_1_120' title='bbox 558 1891 882 1969; x_wconf 88' lang='lat' dir='ltr'>imperium</span> <span class='ocrx_word' id='word_1_121' title='bbox 909 1898 1052 1970; x_wconf 90' lang='lat' dir='ltr'>post</span> <span class='ocrx_word' id='word_1_122' title='bbox 1079 1889 1395 1951; x_wconf 79' lang='lat' dir='ltr'>fortunam</span> <span class='ocrx_word' id='word_1_123' title='bbox 1426 1889 1820 1950; x_wconf 65' lang='lat' dir='ltr'>credidimus</span> 
     </span>
    </p>

    <p class='ocr_par' dir='ltr' id='par_1_3' title="bbox 397 1987 2405 3620">
     <span class='ocr_line' id='line_1_18' title="bbox 485 1987 2299 2069; baseline -0.001 -22"><span class='ocrx_word' id='word_1_124' title='bbox 485 1988 576 2048; x_wconf 94' lang='grc'>11.</span> <span class='ocrx_word' id='word_1_125' title='bbox 642 1988 1006 2068; x_wconf 87' lang='lat' dir='ltr'>Aegyptum</span> <span class='ocrx_word' id='word_1_126' title='bbox 1056 1988 1401 2069; x_wconf 89' lang='lat' dir='ltr'>copiasque,</span> <span class='ocrx_word' id='word_1_127' title='bbox 1446 1987 1667 2069; x_wconf 89' lang='lat' dir='ltr'>quibus</span> <span class='ocrx_word' id='word_1_128' title='bbox 1725 1995 2130 2061; x_wconf 82' lang='lat' dir='ltr'>coerceretur,</span> <span class='ocrx_word' id='word_1_129' title='bbox 2163 1987 2299 2067; x_wconf 87' lang='lat' dir='ltr'>jam</span> 
     </span>
     <span class='ocr_line' id='line_1_19' title="bbox 401 2083 2298 2164; baseline 0.001 -21"><span class='ocrx_word' id='word_1_130' title='bbox 401 2085 546 2144; x_wconf 91' lang='lat' dir='ltr'>inde</span> <span class='ocrx_word' id='word_1_131' title='bbox 588 2105 623 2144; x_wconf 88' lang='lat' dir='ltr'>a</span> <span class='ocrx_word' id='word_1_132' title='bbox 665 2085 811 2145; x_wconf 89' lang='lat' dir='ltr'>divo</span> <span class='ocrx_word' id='word_1_133' title='bbox 861 2087 1153 2164; x_wconf 90' lang='lat' dir='ltr'>Augusto</span> <span class='ocrx_word' id='word_1_134' title='bbox 1212 2085 1450 2163; x_wconf 88' lang='lat' dir='ltr'>equites</span> <span class='ocrx_word' id='word_1_135' title='bbox 1493 2084 1763 2145; x_wconf 86' lang='lat' dir='ltr'>Romani</span> <span class='ocrx_word' id='word_1_136' title='bbox 1820 2083 2105 2144; x_wconf 91' lang='lat' dir='ltr'>obtinent</span> <span class='ocrx_word' id='word_1_137' title='bbox 2162 2085 2298 2144; x_wconf 91' lang='lat' dir='ltr'>loco</span> 
     </span>
     <span class='ocr_line' id='line_1_20' title="bbox 400 2181 2295 2262; baseline -0.001 -21"><span class='ocrx_word' id='word_1_138' title='bbox 400 2202 649 2262; x_wconf 87' lang='lat' dir='ltr'>regum:</span> <span class='ocrx_word' id='word_1_139' title='bbox 678 2182 767 2241; x_wconf 91' lang='lat' dir='ltr'>ita</span> <span class='ocrx_word' id='word_1_140' title='bbox 798 2182 991 2241; x_wconf 89' lang='lat' dir='ltr'>visum</span> <span class='ocrx_word' id='word_1_141' title='bbox 1021 2182 1329 2261; x_wconf 89' lang='lat' dir='ltr'>expedire,</span> <span class='ocrx_word' id='word_1_142' title='bbox 1352 2182 1735 2261; x_wconf 88' lang='lat' dir='ltr'>provinciam</span> <span class='ocrx_word' id='word_1_143' title='bbox 1765 2181 1939 2242; x_wconf 90' lang='lat' dir='ltr'>aditu</span> <span class='ocrx_word' id='word_1_144' title='bbox 1968 2181 2295 2255; x_wconf 86' lang='lat' dir='ltr'>difficilem,</span> 
     </span>
     <span class='ocr_line' id='line_1_21' title="bbox 402 2277 2299 2358; baseline 0.001 -21"><span class='ocrx_word' id='word_1_145' title='bbox 402 2298 679 2338; x_wconf 88' lang='lat' dir='ltr'>annonae</span> <span class='ocrx_word' id='word_1_146' title='bbox 707 2277 1056 2352; x_wconf 81' lang='lat' dir='ltr'>fecundam,</span> <span class='ocrx_word' id='word_1_147' title='bbox 1085 2280 1522 2358; x_wconf 82' lang='lat' dir='ltr'>superstitione</span> <span class='ocrx_word' id='word_1_148' title='bbox 1557 2299 1628 2339; x_wconf 89' lang='lat' dir='ltr'>ac</span> <span class='ocrx_word' id='word_1_149' title='bbox 1671 2279 1923 2340; x_wconf 90' lang='lat' dir='ltr'>lascivia</span> <span class='ocrx_word' id='word_1_150' title='bbox 1953 2279 2299 2339; x_wconf 88' lang='lat' dir='ltr'>discordem</span> 
     </span>
     <span class='ocr_line' id='line_1_22' title="bbox 402 2375 2405 2458; baseline 0.001 -24"><span class='ocrx_word' id='word_1_151' title='bbox 402 2386 465 2435; x_wconf 93' lang='lat' dir='ltr'>et</span> <span class='ocrx_word' id='word_1_152' title='bbox 523 2375 829 2448; x_wconf 90' lang='lat' dir='ltr'>mobilem,</span> <span class='ocrx_word' id='word_1_153' title='bbox 877 2375 1131 2435; x_wconf 88' lang='lat' dir='ltr'>insciam</span> <span class='ocrx_word' id='word_1_154' title='bbox 1187 2377 1414 2456; x_wconf 90' lang='lat' dir='ltr'>legum,</span> <span class='ocrx_word' id='word_1_155' title='bbox 1460 2377 1741 2457; x_wconf 89' lang='lat' dir='ltr'>ignaram</span> <span class='ocrx_word' id='word_1_156' title='bbox 1799 2379 2295 2458; x_wconf 87' lang='lat' dir='ltr'>magistratuum,</span> <span class='ocrx_word' id='word_1_157' title='bbox 2374 2391 2405 2436; x_wconf 86' lang='lat'><strong>5</strong></span> 
     </span>
     <span class='ocr_line' id='line_1_23' title="bbox 403 2472 2296 2553; baseline 0.001 -22"><span class='ocrx_word' id='word_1_158' title='bbox 403 2472 612 2532; x_wconf 88' lang='lat' dir='ltr'>domui</span> <span class='ocrx_word' id='word_1_159' title='bbox 668 2472 949 2534; x_wconf 89' lang='lat' dir='ltr'>retinere.</span> <span class='ocrx_word' id='word_1_160' title='bbox 1045 2472 1333 2553; x_wconf 87' lang='lat' dir='ltr'>Regebat</span> <span class='ocrx_word' id='word_1_161' title='bbox 1388 2476 1536 2533; x_wconf 68' lang='lat' dir='ltr'>tum&#39;</span> <span class='ocrx_word' id='word_1_162' title='bbox 1580 2474 1865 2535; x_wconf 88' lang='lat' dir='ltr'>Tiberius</span> <span class='ocrx_word' id='word_1_163' title='bbox 1922 2476 2296 2548; x_wconf 89' lang='lat' dir='ltr'>Alexander,</span> 
     </span>
     <span class='ocr_line' id='line_1_24' title="bbox 403 2569 2299 2654; baseline 0.002 -26"><span class='ocrx_word' id='word_1_164' title='bbox 403 2570 682 2650; x_wconf 86' lang='lat' dir='ltr'>ejusdem</span> <span class='ocrx_word' id='word_1_165' title='bbox 718 2569 1001 2629; x_wconf 89' lang='lat' dir='ltr'>nationis.</span> <span class='ocrx_word' id='word_1_166' title='bbox 1084 2570 1298 2630; x_wconf 87' lang='lat' dir='ltr'>Africa</span> <span class='ocrx_word' id='word_1_167' title='bbox 1326 2589 1398 2630; x_wconf 91' lang='lat' dir='ltr'>ac</span> <span class='ocrx_word' id='word_1_168' title='bbox 1426 2571 1700 2650; x_wconf 88' lang='lat' dir='ltr'>legiones</span> <span class='ocrx_word' id='word_1_169' title='bbox 1743 2572 1807 2630; x_wconf 90' lang='lat' dir='ltr'>in</span> <span class='ocrx_word' id='word_1_170' title='bbox 1851 2591 1941 2643; x_wconf 89' lang='lat' dir='ltr'>ea,</span> <span class='ocrx_word' id='word_1_171' title='bbox 1972 2573 2299 2654; x_wconf 84' lang='lat' dir='ltr'>interfecto</span> 
     </span>
     <span class='ocr_line' id='line_1_25' title="bbox 403 2667 2301 2748; baseline 0 -21"><span class='ocrx_word' id='word_1_172' title='bbox 403 2667 623 2727; x_wconf 83' lang='lat' dir='ltr'>Clodio</span> <span class='ocrx_word' id='word_1_173' title='bbox 650 2667 883 2738; x_wconf 89' lang='lat' dir='ltr'>Macr0‚</span> <span class='ocrx_word' id='word_1_174' title='bbox 914 2676 1208 2727; x_wconf 89' lang='lat' dir='ltr'>contenta</span> <span class='ocrx_word' id='word_1_175' title='bbox 1238 2668 1670 2748; x_wconf 85' lang='lat' dir='ltr'>qualicumque</span> <span class='ocrx_word' id='word_1_176' title='bbox 1699 2669 1975 2748; x_wconf 86' lang='lat' dir='ltr'>principe</span> <span class='ocrx_word' id='word_1_177' title='bbox 2018 2678 2159 2747; x_wconf 90' lang='lat' dir='ltr'>post</span> <span class='ocrx_word' id='word_1_178' title='bbox 2202 2689 2301 2727; x_wconf 91' lang='lat' dir='ltr'>ex-</span> 
     </span>
     <span class='ocr_line' id='line_1_26' title="bbox 401 2763 2301 2842; baseline 0.001 -21"><span class='ocrx_word' id='word_1_179' title='bbox 401 2763 813 2842; x_wconf 89' lang='lat' dir='ltr'>perimentum</span> <span class='ocrx_word' id='word_1_180' title='bbox 856 2763 1089 2824; x_wconf 89' lang='lat' dir='ltr'>domini</span> <span class='ocrx_word' id='word_1_181' title='bbox 1123 2764 1395 2825; x_wconf 90' lang='lat' dir='ltr'>minoris.</span> <span class='ocrx_word' id='word_1_182' title='bbox 1477 2764 1657 2825; x_wconf 90' lang='lat' dir='ltr'>Duae</span> <span class='ocrx_word' id='word_1_183' title='bbox 1685 2765 2114 2836; x_wconf 87' lang='lat' dir='ltr'>Mauritaniae,</span> <span class='ocrx_word' id='word_1_184' title='bbox 2144 2764 2301 2824; x_wconf 86' lang='lat' dir='ltr'>Rae-</span> 
     </span>
     <span class='ocr_line' id='line_1_27' title="bbox 401 2859 2399 2942; baseline 0.001 -22"><span class='ocrx_word' id='word_1_185' title='bbox 401 2860 505 2934; x_wconf 91' lang='lat' dir='ltr'>tia,</span> <span class='ocrx_word' id='word_1_186' title='bbox 553 2859 872 2933; x_wconf 90' lang='lat' dir='ltr'>Noricum,</span> <span class='ocrx_word' id='word_1_187' title='bbox 920 2861 1219 2921; x_wconf 88' lang='lat' dir='ltr'>Thraecia</span> <span class='ocrx_word' id='word_1_188' title='bbox 1274 2872 1337 2923; x_wconf 93' lang='lat' dir='ltr'>et</span> <span class='ocrx_word' id='word_1_189' title='bbox 1385 2883 1543 2942; x_wconf 91' lang='lat' dir='ltr'>quae</span> <span class='ocrx_word' id='word_1_190' title='bbox 1593 2863 1746 2923; x_wconf 90' lang='lat' dir='ltr'>aliae</span> <span class='ocrx_word' id='word_1_191' title='bbox 1796 2862 2294 2942; x_wconf 89' lang='lat' dir='ltr'>procuratoribus</span> <span class='ocrx_word' id='word_1_192' title='bbox 2337 2876 2399 2922; x_wconf 91' lang='lat'>10</span> 
     </span>
     <span class='ocr_line' id='line_1_28' title="bbox 402 2957 2297 3038; baseline -0.001 -21"><span class='ocrx_word' id='word_1_193' title='bbox 402 2959 779 3031; x_wconf 89' lang='lat' dir='ltr'>cohibentur,</span> <span class='ocrx_word' id='word_1_194' title='bbox 811 2967 880 3017; x_wconf 89' lang='lat' dir='ltr'>ut</span> <span class='ocrx_word' id='word_1_195' title='bbox 908 2957 1127 3038; x_wconf 91' lang='lat' dir='ltr'>cuique</span> <span class='ocrx_word' id='word_1_196' title='bbox 1167 2961 1468 3021; x_wconf 88' lang='lat' dir='ltr'>exercitui</span> <span class='ocrx_word' id='word_1_197' title='bbox 1496 2960 1754 3034; x_wconf 90' lang='lat' dir='ltr'>vicinae,</span> <span class='ocrx_word' id='word_1_198' title='bbox 1782 2960 1871 3020; x_wconf 89' lang='lat' dir='ltr'>ita</span> <span class='ocrx_word' id='word_1_199' title='bbox 1911 2960 1975 3018; x_wconf 90' lang='lat' dir='ltr'>in</span> <span class='ocrx_word' id='word_1_200' title='bbox 2018 2959 2297 3017; x_wconf 75' lang='lat' dir='ltr'>favorem</span> 
     </span>
     <span class='ocr_line' id='line_1_29' title="bbox 402 3054 2297 3137; baseline 0 -24"><span class='ocrx_word' id='word_1_201' title='bbox 402 3065 508 3115; x_wconf 89' lang='lat' dir='ltr'>aut</span> <span class='ocrx_word' id='word_1_202' title='bbox 546 3055 756 3115; x_wconf 87' lang='lat' dir='ltr'>odium</span> <span class='ocrx_word' id='word_1_203' title='bbox 798 3065 1092 3115; x_wconf 89' lang='lat' dir='ltr'>contactu</span> <span class='ocrx_word' id='word_1_204' title='bbox 1120 3058 1534 3117; x_wconf 88' lang='lat' dir='ltr'>valentiorum</span> <span class='ocrx_word' id='word_1_205' title='bbox 1577 3057 1934 3137; x_wconf 87' lang='lat' dir='ltr'>agebantur.</span> <span class='ocrx_word' id='word_1_206' title='bbox 2019 3054 2297 3114; x_wconf 88' lang='lat' dir='ltr'>Inermes</span> 
     </span>
     <span class='ocr_line' id='line_1_30' title="bbox 399 3151 2302 3233; baseline 0 -24"><span class='ocrx_word' id='word_1_207' title='bbox 399 3151 767 3230; x_wconf 90' lang='lat' dir='ltr'>provinciae,</span> <span class='ocrx_word' id='word_1_208' title='bbox 798 3160 981 3232; x_wconf 84' lang='lat' dir='ltr'>atque</span> <span class='ocrx_word' id='word_1_209' title='bbox 1019 3153 1151 3233; x_wconf 88' lang='lat' dir='ltr'>ipsa</span> <span class='ocrx_word' id='word_1_210' title='bbox 1194 3154 1255 3213; x_wconf 90' lang='lat' dir='ltr'>in</span> <span class='ocrx_word' id='word_1_211' title='bbox 1300 3154 1514 3233; x_wconf 87' lang='lat' dir='ltr'>primis</span> <span class='ocrx_word' id='word_1_212' title='bbox 1545 3153 1743 3225; x_wconf 84' lang='lat' dir='ltr'>Italia,</span> <span class='ocrx_word' id='word_1_213' title='bbox 1776 3153 2138 3231; x_wconf 90' lang='lat' dir='ltr'>cuicumque</span> <span class='ocrx_word' id='word_1_214' title='bbox 2181 3172 2302 3210; x_wconf 91' lang='lat' dir='ltr'>ser-</span> 
     </span>
     <span class='ocr_line' id='line_1_31' title="bbox 400 3248 2299 3329; baseline 0.001 -23"><span class='ocrx_word' id='word_1_215' title='bbox 400 3248 552 3309; x_wconf 87' lang='lat' dir='ltr'>vitio</span> <span class='ocrx_word' id='word_1_216' title='bbox 595 3248 889 3327; x_wconf 88' lang='lat' dir='ltr'>exposita,</span> <span class='ocrx_word' id='word_1_217' title='bbox 933 3250 996 3309; x_wconf 91' lang='lat' dir='ltr'>in</span> <span class='ocrx_word' id='word_1_218' title='bbox 1038 3250 1309 3329; x_wconf 89' lang='lat' dir='ltr'>pretium</span> <span class='ocrx_word' id='word_1_219' title='bbox 1351 3251 1499 3310; x_wconf 90' lang='lat' dir='ltr'>belli</span> <span class='ocrx_word' id='word_1_220' title='bbox 1558 3269 1838 3310; x_wconf 86' lang='lat' dir='ltr'>cessurae</span> <span class='ocrx_word' id='word_1_221' title='bbox 1897 3260 2090 3308; x_wconf 89' lang='lat' dir='ltr'>erant.</span> <span class='ocrx_word' id='word_1_222' title='bbox 2176 3249 2299 3308; x_wconf 92' lang='lat' dir='ltr'>Hic</span> 
     </span>
     <span class='ocr_line' id='line_1_32' title="bbox 399 3344 2403 3420; baseline 0.001 -17"><span class='ocrx_word' id='word_1_223' title='bbox 399 3344 514 3404; x_wconf 90' lang='lat' dir='ltr'>fuit</span> <span class='ocrx_word' id='word_1_224' title='bbox 573 3365 779 3405; x_wconf 87' lang='lat' dir='ltr'>rerum</span> <span class='ocrx_word' id='word_1_225' title='bbox 835 3344 1258 3405; x_wconf 83' lang='lat' dir='ltr'>Romanarum</span> <span class='ocrx_word' id='word_1_226' title='bbox 1316 3357 1531 3420; x_wconf 90' lang='lat' dir='ltr'>status,</span> <span class='ocrx_word' id='word_1_227' title='bbox 1589 3367 1730 3418; x_wconf 88' lang='lat' dir='ltr'>cum</span> <span class='ocrx_word' id='word_1_228' title='bbox 1791 3345 2045 3406; x_wconf 86' lang='lat' dir='ltr'>Servius</span> <span class='ocrx_word' id='word_1_229' title='bbox 2103 3345 2301 3405; x_wconf 86' lang='lat' dir='ltr'>Galba</span> <span class='ocrx_word' id='word_1_230' title='bbox 2345 3362 2403 3405; x_wconf 87' lang='lat'>15</span> 
     </span>
     <span class='ocr_line' id='line_1_33' title="bbox 397 3441 2297 3505; baseline 0.002 -5"><span class='ocrx_word' id='word_1_231' title='bbox 397 3441 626 3501; x_wconf 90' lang='lat' dir='ltr'>iterum</span> <span class='ocrx_word' id='word_1_232' title='bbox 670 3443 852 3503; x_wconf 88' lang='lat' dir='ltr'>Titus</span> <span class='ocrx_word' id='word_1_233' title='bbox 893 3442 1121 3503; x_wconf 88' lang='lat' dir='ltr'>Vinius</span> <span class='ocrx_word' id='word_1_234' title='bbox 1164 3444 1446 3503; x_wconf 90' lang='lat' dir='ltr'>consules</span> <span class='ocrx_word' id='word_1_235' title='bbox 1500 3444 1866 3504; x_wconf 88' lang='lat' dir='ltr'>inchoavere</span> <span class='ocrx_word' id='word_1_236' title='bbox 1911 3463 2141 3503; x_wconf 90' lang='lat' dir='ltr'>annum</span> <span class='ocrx_word' id='word_1_237' title='bbox 2185 3443 2297 3505; x_wconf 89' lang='lat' dir='ltr'>sibi</span> 
     </span>
     <span class='ocr_line' id='line_1_34' title="bbox 399 3540 1725 3620; baseline 0 -21"><span class='ocrx_word' id='word_1_238' title='bbox 399 3540 702 3614; x_wconf 87' lang='lat' dir='ltr'>ultimum,</span> <span class='ocrx_word' id='word_1_239' title='bbox 730 3540 1103 3619; x_wconf 91' lang='lat' dir='ltr'>reipublicae</span> <span class='ocrx_word' id='word_1_240' title='bbox 1131 3560 1325 3620; x_wconf 91' lang='lat' dir='ltr'>prope</span> <span class='ocrx_word' id='word_1_241' title='bbox 1354 3561 1725 3620; x_wconf 86' lang='lat' dir='ltr'>supremum.</span> 
     </span>
    </p>
   </div>
  </div>
 </body>
</html>
