2738 4048
333 205 417 268 60
862 250 875 255 -
939 214 1332 262 EXCERPTA
1376 213 1805 262 TACITIANA.

437 377 551 437 hos
577 375 870 436 Cherusci
894 373 1149 434 collibus
1173 373 1688 446 detrudebantur,
1710 372 1875 432 inter
1900 393 2054 452 quos
2082 372 2343 453 insignis

437 474 759 533 Arminius
786 490 975 531 manu
1002 489 1157 530 voce
1185 471 1442 529 vulnere
1478 470 1865 529 sustentabat
1905 490 2211 549 pugnam:
2253 471 2345 528 in-

439 572 856 648 cubueratque
885 567 1238 646 sagittariis,
1265 566 1374 625 illa
1400 578 1710 645 rupturus,
1732 566 1799 625 ni
1827 566 2168 626 Raetorum
2188 567 2345 626 Vin-

333 684 394 728 15
439 668 901 745 delicorumque
952 675 1016 723 et
1063 664 1335 722 Gallicae
1388 665 1673 723 cohortes
1728 665 1904 743 signa
1953 665 2340 744 objecissent.

438 765 503 824 N
507 765 601 823 isu
643 774 851 823 tamen
895 761 1166 839 corporis
1209 771 1275 820 et
1316 761 1554 840 impetu
1597 762 1738 840 equi
1780 763 2073 841 pervasit,
2112 763 2340 823 oblitus

437 861 663 920 faeiem
705 881 815 919 suo
859 878 1093 931 cruore,
1132 878 1209 916 ne
1252 868 1646 918 nosceretur:
1690 859 1942 938 quidam
1983 860 2264 939 agnitum
2306 842 2362 920 a·

443 958 706 1017 Chaucis
747 958 910 1015 inter
951 956 1178 1013 auxilia
1218 955 1505 1014 Romana
1546 957 1874 1035 agentibus
1927 958 2339 1037 emissumque

441 1054 856 1114 tradiderunt.
932 1053 1154 1112 Virtus
1183 1073 1291 1111 seu
1320 1053 1489 1112 fraus
1519 1056 1737 1114 eadem
1765 1054 2163 1134 Inguiomero
2194 1055 2342 1114 effu-

332 1167 395 1212 20
437 1151 609 1231 gium
640 1151 848 1210 dedit:
878 1150 1069 1210 eeteri
1098 1150 1325 1229 passim
1354 1151 1672 1211 trucidati.
1757 1151 1842 1212 Et
1869 1155 2195 1232 plerosque
2225 1163 2342 1212 tra-

445 1270 592 1308 nare
621 1248 943 1327 Visurgim
984 1258 1280 1308 conantes
1319 1250 1557 1330 injecta
1596 1252 1723 1310 tela
1765 1261 1872 1310 aut
1914 1251 2009 1311 vis
2050 1250 2339 1323 fluminis,

440 1360 756 1426 postremo
786 1347 978 1405 moles
1008 1348 1317 1407 ruentium
1347 1359 1412 1408 et
1440 1349 1787 1408 incidentes
1821 1349 1992 1428 ripae
2023 1368 2338 1427 operuere.

441 1444 732 1517 Quidam,
762 1443 930 1521 turpi
969 1444 1116 1522 fuga.
1154 1444 1217 1502 in
1263 1465 1503 1504 summa
1545 1448 1832 1505 arborum
1874 1445 1992 1504 nisi
2032 1445 2341 1523 ramisque

440 1561 505 1601 se
550 1543 953 1614 occultantes,
984 1543 1251 1602 admotis
1294 1544 1628 1622 sagittariis
1670 1564 1781 1623 per
1821 1542 2159 1602 ludibrium
2198 1543 2343 1622 fige-

331 1653 394 1698 25
437 1639 683 1713 bantur,
716 1640 867 1699 alios
897 1651 1186 1720 prorutae
1218 1642 1463 1701 arbores
1494 1642 1784 1700 afflixere.

523 1739 616 1795 18.
699 1738 933 1817 Magna
982 1759 1055 1798 ea
1101 1739 1367 1799 vietoria
1414 1759 1613 1819 neque
1664 1748 1923 1798 cruenta
1969 1738 2149 1798 nobis
2196 1737 2339 1798 fuit.

443 1834 678 1905 Quinta
700 1837 776 1894 ab
799 1837 951 1896 hora
980 1837 1105 1895 diei
1135 1838 1213 1895 ad
1236 1846 1485 1896 noctem
1515 1835 1675 1896 caesi
1703 1837 1912 1895 hostes
1935 1837 2152 1895 decem
2173 1834 2341 1894 milia

437 1952 729 2011 passuum
772 1934 1175 1992 cadaveribus
1233 1945 1417 2012 atque
1464 1934 1648 1992 armis
1690 1933 2038 2011 opplevere,
2078 1931 2338 2011 repertis

442 2030 606 2089 inter
648 2032 842 2109 spolia
885 2052 1099 2089 eorum
1143 2035 1393 2105 eatenis,
1436 2052 1585 2110 quas
1626 2031 1692 2090 in
1724 2031 2039 2090 Romanos
2089 2040 2160 2089 ut
2213 2050 2339 2088 non

333 2142 364 2187 5
439 2127 628 2187 dubio
661 2139 887 2187 eventu
917 2139 1336 2206 portaverant.
1420 2128 1604 2188 Miles
1631 2130 1694 2187 in
1732 2130 1870 2187 loeo
1912 2127 2133 2206 proelii
2162 2127 2342 2185 Tibe-

439 2226 603 2285 rium
640 2227 1071 2303 imperatorem
1103 2225 1399 2284 salutavit
1440 2227 1787 2305 struxitque
1832 2245 2138 2305 aggerem,
2171 2234 2235 2283 et
2273 2223 2342 2282 in

440 2323 697 2383 modum
728 2333 1123 2401 tropaeorum
1153 2341 1320 2381 arma
1351 2322 1709 2402 subscriptis
1730 2323 2039 2382 victarum
2058 2320 2343 2400 gentium

440 2419 789 2479 nominibus
817 2419 1128 2499 imposuit.

524 2520 617 2579 19.
703 2518 891 2577 Haud
915 2518 1171 2597 perinde
1196 2516 1537 2576 Germanos
1559 2518 1836 2590 vulnera,
1856 2517 2076 2587 luetuS‚
2100 2513 2343 2573 excidia

442 2636 627 2697 quam
657 2636 730 2675 ea
757 2616 990 2694 speeies
1021 2615 1233 2673 dolore
1264 2625 1328 2674 et
1356 2614 1449 2673 ira
1478 2613 1708 2673 affecit.
1793 2612 1917 2685 Qui
1943 2612 2131 2672 modo
2171 2611 2339 2670 abire

440 2714 705 2785 sedibus,
761 2723 932 2773 trans
1000 2712 1215 2770 Albim
1283 2711 1623 2770 concedere
1689 2710 2010 2789 parabant,
2066 2727 2342 2787 pugnam

441 2812 690 2882 volunt,
714 2830 884 2869 arma
911 2810 1198 2888 rapiuut3
1239 2808 1454 2887 plebes
1485 2807 1802 2887 primoreS,
1823 2808 2122 2886 juventus
2166 2825 2342 2865 senes

335 2921 366 2966 5
445 2927 667 2987 agmen
724 2907 1079 2966 Romanum
1133 2918 1389 2984 repente
1445 2906 1778 2978 incursant,
1835 2905 2109 2963 turbant.
2194 2902 2345 2963 Pos-

442 3017 643 3065 tremo
686 3006 968 3084 deligunt
1015 3005 1221 3063 locum
1261 3003 1514 3061 flumine
1557 3013 1621 3062 et
1662 3002 1831 3061 silvis
1873 3002 2165 3074 clausum,
2207 3011 2345 3059 arta

444 3101 610 3161 intus
640 3104 895 3180 planitie
927 3113 989 3162 et
1018 3101 1306 3160 humida:
1349 3100 1536 3159 silvas
1559 3119 1800 3179 quoque
1830 3099 2137 3178 profunda
2165 3098 2341 3176 palus

446 3199 736 3271 ambibat,
767 3199 886 3258 nisi
916 3199 1082 3279 quod
1119 3198 1282 3256 latus
1318 3218 1507 3256 unum
1539 3197 1903 3275 Angrivarii
1944 3197 2073 3255 lato
2117 3214 2343 3273 aggere

447 3295 816 3368 extulerant,
842 3317 962 3374 quo
1005 3315 1042 3354 a
1080 3294 1408 3356 Cheruscis
1451 3293 1906 3351 dirimerentur.
1990 3292 2112 3350 Hic
2152 3293 2345 3369 pedes

342 3404 401 3449 10
446 3389 682 3448 astitit:
740 3393 1012 3469 equitem
1054 3390 1415 3471 propinquis
1459 3390 1610 3448 lueis
1654 3401 1882 3462 texere,
1927 3399 1996 3447 ut
2053 3387 2346 3467 ingressis

447 3486 666 3547 silvam
708 3487 1054 3565 legionibus
1097 3507 1133 3546 a
1174 3501 1352 3567 tergo
1396 3486 1571 3543 soret.
