2738 4048
817 290 1336 337 HISTORIARUM
1382 292 1602 336 Limen
1648 290 1947 337 PRIMUS.
2304 274 2386 337 81

381 446 676 506 adversus
705 453 1016 505 tormenta
1042 465 1360 506 servorum
1388 446 1578 521 fides3
1618 466 1939 525 supremae
1979 447 2283 508 clarorum
2356 460 2388 506 5

380 543 657 603 virorum
678 543 1093 616 necessitateS‚
1115 544 1248 621 ipsa
1271 543 1602 603 necessitas
1628 543 1880 603 fortiter
1907 545 2192 617 tolerata,
2218 553 2283 604 et

381 640 648 699 laudatis
697 628 1087 718 antiquorum
1141 641 1444 699 mortibus
1485 659 1664 719 pares
1720 641 1937 699 exitus
2022 640 2284 700 Praeter

382 735 753 813 multiplices
808 756 1015 794 reruni
1069 737 1478 795 humanarum
1535 756 1729 809 casus,
1773 736 1943 795 caelo
1995 745 2282 816 terraque

383 833 666 912 prodigia
694 843 758 891 et
785 832 1117 891 fulminum
1147 832 1421 891 monitus
1463 842 1526 891 et
1566 832 1917 891 futurorum
1944 833 2281 912 praesagia,

384 931 548 989 laeta
596 929 815 1004 tristia,
865 929 1153 1007 ambigua
1200 929 1561 1003 manifesta3
1617 949 1732 988 nec
1789 929 1956 988 enim
2013 949 2285 1008 unquam
2328 938 2413 989 ια’

384 1026 787 1086 atrocioribus
842 1025 1057 1104 populi
1112 1025 1382 1085 Romani
1438 1024 1714 1084 cladibus
1771 1026 2045 1104 magisve
2092 1025 2281 1104 justis

383 1122 626 1182 indiciis
654 1123 1064 1202 approbatum
1093 1131 1205 1195 est,
1225 1143 1348 1182 non
1373 1141 1503 1181 esse
1527 1142 1710 1182 curae
1733 1122 1864 1182 deis
1887 1113 2284 1182 securitatem'

384 1230 675 1293 nostram,
705 1239 835 1279 esse
867 1207 1181 1278 ultionem.
2320 1180 2413 1321 >s
2426 1206 2459 1225 s
2502 1204 2549 1283 *a
2634 1250 2649 1281 2

464 1316 521 1376 4.
594 1316 884 1375 Ceterum
914 1324 1244 1393 antequam
1267 1315 1577 1375 destinata
1599 1335 1983 1394 componam,
2007 1325 2284 1393 repeten-
2360 1378 2382 1393 ,

385 1412 535 1472 dum
556 1413 823 1486 videtur,
847 1412 1042 1491 qualis
1071 1421 1268 1471 status
1297 1412 1483 1485 urbis,
1508 1432 1664 1490 quae
1689 1432 1860 1472 mens
1882 1412 2281 1486 exercituum,

385 1509 521 1588 quis
549 1509 795 1569 habitus
823 1508 1296 1587 provinciarum,
1326 1509 1476 1587 quid
1509 1509 1572 1567 in
1610 1519 1748 1569 toto
1790 1518 2093 1567 terrarum
2135 1508 2281 1567 orbe

384 1607 679 1679 validum,
711 1606 858 1685 quid
903 1625 1153 1684 aegrum
1196 1606 1397 1679 fuerit,
1427 1615 1497 1665 ut
1528 1625 1650 1664 uon
1680 1605 1868 1664 modo
1898 1625 2076 1665 casus
2104 1624 2285 1665 even-

385 1712 607 1782 tusque
649 1723 868 1776 rerum,
913 1702 1019 1782 qui
1060 1703 1422 1781 plerumque
1472 1702 1717 1761 fortuiti
1762 1711 1927 1776 sunt,
1971 1703 2080 1761 sed
2122 1702 2280 1762 ratio
2357 1718 2388 1762 5

2526 982 2563 1007 1¹

2428 1014 2517 1069 ‚rs
2598 1038 2621 1069 “x

2382 1096 2387 1103 '
2468 1112 2475 1151 ,τ

2516 1656 2579 1729 gl

2522 1762 2673 1825 ‚sc

386 1800 573 1859 etiam
616 1819 955 1878 causaeque
1007 1809 1358 1859 noscantur.
1445 1799 1619 1859 Finis
1661 1799 1930 1859 Neronis
1973 1809 2043 1858 ut
2084 1801 2282 1859 laetus
2460 1848 2471 1855 .
2519 1802 2539 1833 ὁ

384 1896 584 1976 primo
639 1896 1046 1975 gaudentium
1103 1896 1340 1975 impetu
1396 1895 1617 1970 fuerat,
1673 1896 1762 1955 ita
1816 1896 2022 1956 varios
2075 1906 2283 1957 motus
2394 1936 2395 1939 =
2512 1890 2543 1967 ‘f
2582 1888 2615 1959 ί,

385 1993 730 2071 animorum
758 2014 877 2054 non
910 1994 1097 2054 modo
1127 1994 1189 2054 in
1223 1994 1372 2054 urbe
1403 1994 1568 2073 apud
1598 2004 1805 2074 patres
1847 2004 1955 2054 aut
1984 1994 2281 2074 populum
2439 2042 2517 2098 12³⁴
2558 1984 2637 2046 „s

386 2102 495 2150 aut
545 2093 845 2151 urbanum
893 2093 1173 2165 militem,
1224 2093 1330 2151 sed
1385 2112 1598 2152 omnes
1647 2092 1924 2171 legiones
1974 2093 2282 2172 ducesque
2480 2083 2503 2154 l
2524 2065 2603 2168 ‘ij

384 2188 754 2261 conciverat,
771 2189 1060 2268 evulgato
1081 2188 1321 2267 imperii
1336 2209 1576 2261 arcano,
1592 2209 1767 2267 posse
1782 2188 2125 2268 principem
2139 2188 2287 2249 alibi
2330 2205 2387 2249 10

386 2306 569 2365 quam
604 2286 842 2347 Romae
884 2288 1034 2348 fieri.
1123 2288 1246 2348 Sed
1289 2299 1495 2367 patres
1538 2290 1702 2361 laeti,
1733 2301 2027 2369 usurpata
2069 2290 2283 2349 statim

385 2383 672 2444 libertate
702 2386 988 2446 licentius
1018 2397 1087 2445 ut
1117 2406 1264 2464 erga
1303 2387 1647 2465 principem
1692 2408 1923 2447 novum
1965 2398 2031 2447 et
2072 2388 2284 2446 absen-

384 2490 551 2555 tem3
593 2483 888 2562 primores
928 2483 1206 2563 equitum
1243 2484 1503 2562 proximi
1546 2485 1774 2562 gaudio
1817 2495 2099 2563 patrum3
2140 2503 2282 2563 pars

385 2579 600 2657 populi
655 2580 897 2659 integra
952 2591 1017 2641 et
1073 2579 1312 2660 magnis
1369 2582 1655 2640 domibus
1712 2600 1968 2653 annexa,
2026 2581 2282 2640 clientes

325 2747 330 2754 ο
384 2674 713 2756 libertique
742 2677 1177 2737 damnatorum
1202 2661 1264 2736 et
1288 2678 1536 2736 exulum
1562 2678 1621 2735 in
1648 2697 1820 2757 spem
1851 2676 2077 2736 erecti:
2108 2676 2282 2754 plebs
2326 2690 2387 2735 15

384 2772 634 2832 sordida
662 2783 726 2833 et
756 2773 917 2834 circo
948 2793 1019 2834 ac
1058 2774 1315 2833 theatris
1359 2782 1550 2847 sueta,
1583 2774 1761 2833 simul
1807 2772 2123 2832 deterrimi
2166 2792 2283 2831 ser-

385 2887 623 2942 vorum,
647 2880 754 2929 aut
778 2870 881 2949 qui
904 2871 1102 2931 adesis
1122 2871 1300 2930 bonis
1321 2891 1434 2950 per
1456 2871 1722 2930 dedecus
1746 2870 2014 2930 Neronis
2043 2870 2284 2928 aleban-

385 2973 505 3035 tur,
532 2966 751 3026 maesti
781 2978 843 3026 et
874 2988 1190 3027 rumorum
1219 2967 1405 3027 avidi.

469 3061 522 3120 5.
577 3061 761 3123 Miles
782 3065 1049 3124 urbanus
1063 3065 1248 3143 longo
1267 3065 1598 3124 Caesarum
1614 3072 1995 3123 sacramento
2010 3062 2283 3122 imbutus

387 3165 452 3217 et
493 3158 574 3217 ad
615 3160 1083 3220 destituendum
1125 3161 1442 3220 Neronem
1499 3170 1630 3220 arte
1673 3160 1867 3238 magis
1909 3168 1973 3218 et
2014 3159 2283 3238 impulsu

388 3273 572 3333 quam
601 3276 711 3316 suo
742 3256 988 3336 ingenio
1012 3257 1349 3330 traductu8‚
1372 3266 1701 3336 postquam
1721 3275 1919 3334 neque
1943 3256 2077 3314 dari
2100 3256 2285 3314 dona-

387 3351 585 3410 tivum
629 3354 741 3412 sub
784 3354 1031 3412 nomine
1076 3353 1307 3412 Galbae
1357 3352 1745 3431 promissum,
1789 3372 1987 3430 neque
2044 3352 2284 3431 magnis

387 3449 623 3508 meritis
679 3469 751 3508 ac
806 3450 1096 3528 praemiis
1145 3450 1412 3508 eundem
1467 3449 1529 3507 in
1579 3468 1729 3526 pace
1777 3467 1959 3528 quem
2003 3448 2067 3507 in
2117 3450 2280 3507 bello
2358 3463 2389 3509 5

387 3546 610 3619 locum,
627 3558 1146 3626 praeventamque
1166 3546 1429 3626 gratiam
1449 3545 1743 3625 intelligit
1762 3546 1922 3624 apud
1945 3545 2284 3625 principem

1369 3642 1435 3688 4*
