2738 4048
756 289 1277 338 ms'romARUM
1320 292 1540 339 LIBER
1585 293 1914 342 TERTIUS.
2028 329 2049 351 ,
2199 279 2327 346 117

318 446 560 527 equites
589 446 893 507 restitere.
961 448 1005 508 J
1006 448 1141 508 uvit
1168 450 1357 522 locus,
1389 449 1617 510 artiore
1646 450 1773 510 illic
1800 451 1902 511 via
1930 460 1994 511 et
2020 451 2222 512 fracto

317 543 735 604 interfluentis
762 544 883 602 rivi
910 553 1121 624 ponte,
1153 545 1257 624 qui
1286 546 1524 606 incerto
1556 547 1732 607 alveo
1777 556 1840 608 et
1881 549 2225 627 praecipiti-

316 641 434 700 bus
463 640 613 720 ripis
641 641 852 719 fugam
878 641 1294 720 impediebat:
1339 662 1412 701 ea
1452 644 1786 704 necessitas
1815 664 1923 703 seu
1952 645 2222 719 fortuna,

317 737 521 815 lapsas
568 737 699 816 jam
744 747 953 815 partes
1001 738 1294 798 restituit.
1379 740 1639 800 Firmati
1696 740 1860 801 inter
1907 761 1970 800 se
2015 742 2224 801 densis

320 833 642 893 ordinibus
685 833 1007 912 excipiunt
1049 835 1425 895 Vitellianos
1468 845 1700 896 temere
1743 837 1990 911 effusos,
2035 846 2221 917 atque

318 930 412 989 illi
441 939 933 990 consternantur.
1003 931 1318 992 Antonius
1345 932 1577 993 instare
1607 934 1919 1012 perculsiS‚
1950 944 2221 994 sternere

320 1026 571 1101 obvios3
638 1027 820 1086 simul
874 1027 1085 1102 ceteri,
1140 1038 1213 1088 ut
1268 1028 1489 1108 cuique
1544 1029 1883 1109 ingenium,
1938 1032 2221 1110 spoliare,

2266 661 2328 706 10

319 1142 560 1202 capere,
589 1143 758 1203 arma
784 1144 1094 1205 equosque
1125 1125 1407 1204 abripere
1431 1146 1445 1185 ε
1478 1136 1542 1187 et
1569 1127 1759 1186 exciti
1787 1147 2078 1207 prospero
2109 1129 2225 1188 cla„
2266 1144 2327 1188 15

318 1240 511 1293 more,
543 1221 648 1299 qui
674 1222 864 1281 modo
893 1242 1004 1302 per
1032 1242 1212 1302 agros
1239 1222 1392 1302 fuga
1419 1224 1805 1302 palabantur,
1828 1223 2124 1284 victoriae
2155 1244 2219 1284 se

320 1316 684 1378 miscebant.

405 1416 499 1475 18.
544 1416 648 1476 Ad
672 1426 960 1496 quartum
983 1436 1019 1475 a
1038 1417 1344 1476 Cremona
1365 1417 1637 1495 lapidem
1659 1417 1886 1477 fulsere
1909 1418 2222 1498 legionum

320 1514 499 1594 signa
528 1514 795 1592 Rapacis
824 1525 1009 1592 atque
1039 1513 1313 1587 Italicae,
1344 1514 1510 1573 laeto
1538 1513 1703 1574 inter
1729 1514 1909 1574 initia
1936 1515 2219 1594 equitum

320 1631 570 1671 suorum
597 1611 831 1689 proelio
861 1611 1011 1670 illuc
1039 1629 1231 1689 usque
1260 1618 1572 1689 provecta.
1660 1610 1783 1670 Sed
1826 1611 1934 1670 ubi
1974 1612 2223 1670 fortuna

321 1716 540 1767 contra
578 1706 719 1780 fuit,
748 1727 875 1767 non
903 1708 1109 1766 laxare
1138 1707 1403 1778 ordineS‚
1432 1726 1557 1765 non
1601 1708 1876 1786 recipere
1918 1707 2220 1781 turbatoS,

318 1823 444 1863 non
476 1803 723 1863 obviam
764 1804 853 1862 ire
895 1803 1182 1881 ultroque
1225 1802 1485 1882 aggredi
1526 1804 1787 1877 hostem,
1819 1813 2065 1863 tantum
2106 1823 2217 1883 per

319 1900 588 1978 spatium
632 1919 814 1959 cursu
864 1908 928 1959 et
982 1899 1321 1979 pugnando
1377 1899 1630 1959 fessum.
1715 1901 1908 1960 Forte
1954 1901 2221 1980 profecti

318 1997 488 2058 haud
535 1996 792 2077 perinde
845 1996 1027 2057 rebus
1083 1995 1394 2077 prosperis
1444 1996 1666 2057 ducem
1714 1997 2220 2059 desideraverant

320 2104 508 2174 atque
562 2094 644 2153 in'
685 2095 959 2155 adversis
1029 2095 1241 2154 deesse
1309 2094 1764 2174 intelligebant.
1868 2095 2220 2157 Nutantem

320 2191 515 2251 aciem
544 2191 748 2251 victor
775 2192 1084 2271 equitatus
1114 2190 1425 2251 incursat:
1456 2201 1521 2252 et
1551 2192 1898 2271 Vipstanus
1927 2192 2220 2254 Messalla

317 2288 604 2349 tribunus
658 2308 799 2349 cum
854 2288 1142 2348 Moesicis
1198 2289 1599 2350 auxiliaribus
1656 2292 2017 2371 assequitur,
2069 2311 2222 2372 quos

317 2386 503 2447 multi
530 2406 564 2446 e
593 2386 943 2467 legionariis
964 2406 1314 2467 quanquam
1343 2387 1572 2466 raptim
1596 2388 1816 2450 ductos
1839 2390 2219 2470 aequabant:

317 2484 408 2545 ita
426 2483 659 2545 mixtus
687 2485 877 2563 pedes
900 2504 1206 2564 equesque
1236 2505 1457 2563 rupere
1487 2485 1802 2564 legionum
1832 2506 2076 2565 agmen.
2133 2487 2220 2546 Et

316 2583 667 2663 propinqua
695 2582 1201 2642 Cremonensium
1228 2581 1478 2641 moenia
1506 2579 1738 2659 quanto
1779 2582 1919 2660 plus
1962 2581 2094 2660 spei
2137 2582 2220 2641 ad

319 2678 639 2759 effugium,
687 2678 987 2738 minorem
1044 2678 1122 2737 ad
1178 2677 1595 2737 resistendum
1646 2678 1917 2737 animum
1964 2678 2217 2737 dabant.

319 2774 458 2835 Nec
513 2776 826 2835 Antonius
884 2755 1044 2835 ultra
1098 2774 1348 2849 institit,
1396 2794 1631 2833 memor
1686 2775 1910 2835 laboris
1967 2794 2038 2834 ac
2091 2775 2221 2834 vul-

318 2891 557 2945 nerum,
603 2871 824 2951 quibus
880 2881 1009 2931 tam
1064 2891 1290 2950 anceps
1344 2870 1563 2949 proelii
1616 2870 1887 2945 fortuna,
1936 2870 2219 2949 quamvis

318 2988 610 3047 prospero
637 2968 779 3040 fine,
809 2968 1050 3048 equites
1080 2987 1391 3046 equosque
1421 2968 1844 3027 afflictaverat.

401 3066 495 3124 19.
566 3064 971 3125 Inumbrante
1000 3083 1258 3143 vespera
1285 3064 1642 3124 universum
1673 3063 1960 3123 Flaviani
1989 3063 2217 3123 exerci-

319 3172 420 3223 tus
464 3163 653 3222 robur
696 3161 987 3222 advenit:
1037 3172 1229 3240 utque
1280 3162 1559 3221 cumulos
1608 3180 1789 3240 super
1839 3169 1902 3221 et
1946 3160 2220 3220 recentia

320 3259 507 3318 caede
550 3259 813 3339 vestigia
851 3258 1175 3330 incessere,
1220 3258 1394 3336 quasi
1437 3259 1813 3317 debellatum
1861 3257 2045 3331 foret,
2087 3278 2220 3337 per-

317 3374 462 3434 gere
493 3354 862 3415 Cremonam
905 3364 968 3414 et
1009 3355 1211 3415 victos
1253 3354 1317 3413 in
1361 3354 1747 3414 deditionem
1789 3355 2066 3432 accipere
2110 3365 2218 3414 aut

320 3470 674 3531 expugnare
717 3452 1077 3530 deposcunt.
1163 3451 1338 3510 Haec
1367 3451 1429 3509 in
1460 3451 1688 3524 medio,
1719 3452 1979 3528 pulchra
2009 3452 2218 3511 dictu:

318 3547 425 3607 illa
479 3547 595 3607 sibi
638 3548 913 3627 quisque,
955 3568 1133 3626 posse
1177 3547 1482 3607 coloniam
1524 3549 1710 3626 plano
1753 3547 1934 3614 sitam
1979 3548 2213 3627 impetu

2264 2306 2326 2352 10

2262 2789 2325 2835 15

2294 3468 2323 3511 5
