2738 4048
367 235 452 299 86

372 1199 434 1245 10

374 1684 437 1731 15

374 2168 437 2213 20

376 3330 436 3374 10

932 248 1326 296 EXGERPTA
1369 249 1464 296 ΤΑ
1472 248 1803 297 CITIANA.

472 407 718 467 brarum
754 406 1036 485 plurimis
1078 407 1360 466 ludibriis
1389 417 1702 481 vexatum,
1731 407 2120 487 dispensator
2144 407 2381 488 Argius

474 525 508 565 e
588 506 889 580 prioribus
963 503 1154 563 servis
1195 504 1415 563 humili
1470 506 1788 583 sepultura
1826 505 1891 564 in
1932 505 2190 584 privatis
2247 505 2380 585 ejus

475 603 670 662 hortis
701 601 993 661 contexit.
1079 601 1302 679 Caput,
1333 621 1444 680 per
1484 602 1639 662 lixas
1682 603 2048 682 calonesque
2091 603 2379 662 suffixum

474 700 951 777 laceratumque,
976 708 1120 757 ante
1143 697 1427 757 Patrobii
1457 701 1765 759 tumulum
1798 699 2083 778 (libertus
2111 699 2164 759 is
2184 699 2379 759 Nero-

477 797 572 856 nis
601 796 853 875 punitus
882 814 917 853 a
946 794 1142 854 Galba
1183 794 1414 872 fuerat)
1450 806 1700 874 postera
1741 797 1995 855 demum
2036 796 2138 855 die
2179 815 2381 874 reper-

477 903 629 965 tum,
673 902 736 952 et
792 902 1063 951 cremato
1111 892 1244 970 jam
1301 893 1543 970 corpori
1591 892 1941 952 admixtum
1995 901 2109 952 est.
2192 892 2380 951 Hunc

478 990 715 1050 exitum
770 989 985 1049 habuit
1043 989 1293 1049 Servius
1349 989 1566 1062 Galba,
1610 989 1807 1049 tribus
1865 1000 1945 1049 et·
1982 988 2379 1068 septuaginta

480 1087 654 1146 annis
697 1086 963 1165 quinque
1006 1085 1312 1166 principes
1355 1105 1650 1164 prospera
1690 1085 1944 1146 fortuna
1985 1105 2285 1157 emensuS,
2315 1094 2379 1144 et

477 1185 675 1244 alieno
732 1183 989 1262 imperio
1038 1183 1277 1242 felicior
1326 1201 1511 1261 quam
1563 1201 1692 1241 suo.
1776 1183 1980 1243 Vetus
2025 1183 2091 1241 in
2143 1181 2381 1241 familia

478 1282 784 1354 nobilitas,
814 1301 1074 1361 magnae
1118 1299 1298 1359 opes:
1341 1280 1458 1357 ipsi
1502 1279 1778 1338 medium
1817 1279 2152 1358 ingenium,
2182 1278 2379 1357 magis

480 1389 654 1439 extra
682 1380 834 1439 vitia
863 1398 1048 1458 quam
1078 1398 1217 1437 cum
1249 1376 1602 1435 virtutibus.
1687 1379 1916 1435 Famae
1959 1395 2073 1435 nee
2115 1376 2379 1435 incurio-

479 1497 581 1537 sus
626 1497 739 1535 nec
784 1475 1179 1549 venditator3
1235 1473 1532 1553 pecuniae
1590 1473 1826 1532 alienae
1882 1493 2008 1532 non
2064 1482 2379 1551 appetenS,

482 1593 626 1634 suae
655 1593 887 1652 pareuS,
915 1572 1196 1652 publicae
1226 1590 1479 1640 avarus3
1515 1570 1851 1629 amicorum
1880 1570 2380 1649 libertorumque,

480 1671 585 1730 ubi
627 1670 689 1729 in
732 1670 927 1729 bonos
969 1669 1303 1741 incidisset,
1348 1668 1480 1728 sine
1523 1666 1997 1747 reprehensione
2039 1667 2298 1745 patienS,
2328 1667 2380 1726 si

481 1767 626 1827 mali
676 1767 897 1840 forent,
943 1786 1132 1846 usque
1182 1766 1260 1825 ad
1312 1766 1556 1844 culpam
1606 1765 1877 1843 ignarus.
1964 1763 2090 1823 Sed
2135 1764 2415 1823 claritas‘

481 1864 780 1923 natalium
810 1873 874 1923 et
904 1873 1103 1923 metus
1134 1875 1485 1941 temporum
1508 1861 1811 1934 obtentui,
1831 1870 1901 1921 ut
1923 1861 2088 1940 quod
2119 1861 2382 1939 segnitia

481 1971 630 2033 erat,
658 1960 958 2038 sapientia
985 1970 1326 2019 vocaretur.
1412 1960 1581 2018 Dum
1609 1959 1862 2039 vigebat
1905 1968 2091 2033 aetas,
2123 1957 2380 2017 militari

481 2058 664 2116 laude
708 2058 871 2136 apud
916 2057 1274 2116 Germanias
1315 2058 1543 2117 floruit.
1627 2058 1754 2116 Pro
1805 2057 2054 2116 consule
2097 2056 2382 2116 Africam

480 2152 814 2224 moderate,
855 2154 985 2232 jam
1027 2153 1231 2211 senior
1272 2154 1620 2213 citeriorem
1662 2153 2030 2233 Hispaniam
2071 2155 2203 2233 pari
2256 2156 2386 2235 jus-

483 2248 623 2307 titia
664 2249 987 2322 continuit,
1017 2249 1212 2327 major
1239 2250 1485 2327 privato
1514 2251 1698 2325 visus,
1730 2252 1879 2310 dum
1922 2253 2199 2331 privatus
2241 2254 2382 2331 fuit,

481 2353 546 2405 et
575 2345 849 2404 omnium
878 2366 1177 2406 consensu
1208 2366 1402 2425 capax
1431 2348 1689 2426 imperii,
1719 2349 1837 2408 nisi
1868 2349 2242 2428 imperasset.

562 2442 655 2501 50.
725 2441 1059 2522 Trepidam
1089 2444 1319 2516 urbem,
1350 2463 1422 2504 ac
1462 2445 1642 2503 simul
1684 2447 2072 2507 atrocitatem
2114 2449 2381 2510 recentis

480 2539 743 2608 sceleris,
771 2540 951 2599 simul
983 2551 1223 2600 veteres
1254 2541 1520 2601 Othonis
1557 2563 1759 2603 mores
1800 2556 2151 2624 paventem,
2181 2566 2382 2605 novus

478 2638 728 2717 insuper
757 2637 834 2697 de
864 2638 1124 2698 Vitellio
1154 2639 1407 2699 nuntius
1439 2642 1757 2715 exterruit,
1784 2651 1928 2702 ante
1959 2643 2211 2703 caedem
2242 2643 2381 2703 Gal-

478 2736 594 2795 bae
637 2754 1010 2814 suppressus‚
1038 2744 1109 2795 ut
1150 2744 1398 2797 tantum
1440 2738 1766 2817 superioris
1807 2739 2173 2800 Germaniae
2216 2760 2384 2800 exer-

478 2831 672 2892 citum
701 2831 1028 2890 descivisse
1059 2832 1432 2895 crederetur.
1518 2835 1681 2895 Tum
1713 2837 1889 2910 duOS,
1921 2837 2198 2896 omnium
2227 2858 2383 2897 mor-

478 2928 696 2989 talium
736 2927 1137 3006 impudicitia,
1183 2930 1453 3011 ignavia,
1501 2933 1745 2992 luxuria
1786 2934 2172 3007 deterrimos,
2207 2935 2382 2994 velut

480 3026 557 3084 ad
589 3026 970 3105 perdendum
1000 3025 1324 3108 imperium
1367 3030 1645 3089 fataliter
1689 3032 1935 3104 electOS,
1963 3051 2086 3090 non
2131 3040 2382 3091 senatus

479 3124 667 3183 modo
696 3133 759 3182 et
787 3143 989 3203 equeS,
1013 3126 1149 3205 quis
1173 3126 1378 3206 aliqua
1398 3146 1540 3206 pars
1571 3137 1634 3186 et
1663 3147 1808 3187 cura
1835 3127 1923 3186 rei
1950 3128 2249 3207 publicae,
2272 3128 2382 3187 sed

481 3219 702 3299 vulgus
734 3242 976 3301 quoque
1006 3224 1212 3302 palam
1240 3243 1531 3282 maerere.
1613 3223 1751 3283 Nec
1785 3225 1918 3303 jam
1955 3225 2230 3284 recentia
2258 3243 2385 3283 sae-

478 3335 592 3374 vae
646 3319 814 3395 pacis
871 3321 1170 3398 exempla,
1226 3320 1335 3379 sed
1403 3320 1670 3399 repetita
1737 3321 2038 3379 bellorum
2108 3321 2383 3380 civilium

480 3415 793 3488 memoria,
822 3425 1065 3493 captam
1096 3416 1325 3475 totiens
1363 3417 1488 3476 suis
1523 3417 1895 3476 exercitibus
1937 3417 2172 3489 urbem,
2203 3417 2387 3476 vasti-

480 3517 679 3569 tatem
735 3509 972 3587 Italiae‚
1019 3512 1402 3590 direptiones
1455 3514 1927 3592 provinciarum,
1979 3513 2382 3589 Pharsaliam,
