2738 4048
787 277 1177 326 ExcmzP'rA
1222 278 1450 327 vrrAE
1496 277 1939 327 AGRICOLAE.
2245 264 2373 328 153

448 437 548 497 Tu
588 456 737 496 vero
779 435 952 509 felix,
981 435 1294 514 Agricola,
1322 456 1450 495 non
1491 435 1656 495 vitae
1698 445 1945 495 tantum
1987 435 2269 497 claritate

367 535 477 594 sed
532 533 723 594 etiam
778 532 1243 612 opportunitate
1299 532 1534 591 mortis.
1618 531 1715 592 Ut
1770 533 2103 611 perhibent
2161 533 2270 612 qui

366 631 790 690 interfuerunt
838 628 1186 688 novissimis
1241 629 1626 688 sermonibus
1681 629 1825 701 tuis,
1869 619 2156 690 constans
2205 638 2270 689 et

366 728 564 787 libens
591 727 788 786 fatum
817 725 1134 804 excepisti,
1163 734 1461 804 tanquam
1502 745 1615 803 pro
1644 726 1812 784 virili
1852 726 2139 805 portione
2181 726 2272 785 in-

367 822 721 884 nocentiam
761 822 1024 901 principi
1066 823 1346 881 donareS.
1433 821 1555 881 Sed
1599 822 1752 881 mihi
1792 822 2075 901 filiaeque
2119 823 2267 901 ejuS,

371 930 615 1000 praeter
655 918 1052 978 acerbitatem
1097 917 1372 998 parentis
1414 918 1629 997 erepti,
1659 929 1847 997 auget
1881 920 2273 994 maestitiam,

369 1017 537 1097 quod
593 1015 862 1075 assidere
917 1014 1283 1087 valetudini,
1332 1014 1546 1074 fovere
1602 1015 2011 1089 deficientem,
2060 1015 2271 1076 satiari

367 1114 548 1174 vultu
577 1113 1024 1193 complexuque
1054 1132 1180 1171 non
1211 1111 1495 1191 contigit.
1580 1111 2054 1191 Excepissemus
2097 1121 2268 1172 certe

369 1211 663 1271 mandata
731 1229 1055 1289 vocesque,
1112 1228 1263 1290 quas
1330 1209 1579 1288 penitus
1648 1208 1854 1267 animo
1921 1209 2269 1288 figeremuS.

367 1309 603 1369 Noster
630 1307 730 1366 hio
759 1306 953 1379 dolor,
976 1315 1256 1365 nostrum
1285 1306 1529 1378 vulnuS,
1554 1305 1729 1364 nobis
1758 1314 1890 1364 tam
1918 1305 2140 1384 longae
2170 1306 2271 1364 ab·

2313 450 2373 497 15

2313 933 2376 977 20

369 1404 603 1465 sentiae
632 1403 994 1463 condicione
1018 1412 1160 1461 ante
1183 1401 1657 1482 quadriennium
1681 1401 1937 1461 amissus
1961 1410 2073 1460 est.
2129 1400 2275 1460 Om-
2311 1416 2376 1461 25

368 1502 472 1560 nia
494 1501 624 1560 sine
647 1499 857 1572 dubio,
881 1499 1113 1577 optime
1135 1508 1482 1576 parentum,
1506 1497 1829 1556 adsidente
1853 1497 2273 1556 amantissima

369 1617 580 1672 uxore,
610 1596 968 1676 superfuere
996 1595 1218 1654 honori
1246 1604 1356 1653 tuo
1381 1614 1394 1652 :
1437 1593 1828 1672 paucioribus
1856 1603 2066 1652 tamen
2099 1593 2272 1652 lacri-

369 1696 485 1755 mis
514 1695 928 1776 comploratus
957 1712 1040 1765 es,
1070 1702 1134 1752 et
1174 1691 1512 1751 novissima
1551 1690 1616 1749 in
1659 1691 1795 1749 luce
1840 1690 2269 1749 desideravere

372 1790 605 1872 aliquid
635 1790 797 1850 oculi
826 1790 939 1849 tui.
1143 1791 1147 1795 Α

450 1889 547 1947 46.
608 1887 674 1947 Si
704 1889 839 1967 quis
867 1890 1109 1968 piorum
1139 1891 1424 1950 manibus
1461 1891 1648 1965 locus,
1679 1891 1747 1964 si,
1779 1901 1850 1952 ut
1890 1889 2273 1970 sapientibus

370 1984 595 2065 placet,
623 2004 746 2045 non
777 2004 920 2046 cum
949 2006 1204 2067 corpore
1234 1988 1690 2068 extinguuntur
1716 2008 1979 2069 magnae
2009 1986 2272 2062 animae,

370 2079 612 2158 placide
643 2083 939 2164 quiescas,
969 2106 1202 2166 nosque
1233 2086 1490 2145 domum
1531 2097 1699 2147 tuam
1734 2087 1811 2146 ab
1841 2087 2087 2147 infirmo
2118 2086 2274 2146 desi-

368 2179 542 2239 derio
573 2191 636 2244 et
671 2184 1071 2244 muliebribus
1115 2183 1404 2244 lamentis
1435 2185 1513 2243 ad
1544 2186 2133 2265 contemplationem
2155 2185 2273 2245 vir-

365 2282 569 2335 tutum
616 2284 858 2338 tuarum
902 2299 1104 2354 voceS,
1129 2300 1284 2360 quas
1325 2301 1527 2361 neque
1570 2282 1769 2361 lugeri
1811 2301 2010 2362 neque
2055 2280 2269 2361 plangi

366 2369 461 2431 fas
491 2383 602 2433 est.
686 2374 1119 2436 Admiratione
1150 2391 1212 2437 te
1243 2379 1448 2455 potius
1487 2388 1550 2438 et
1591 2379 2043 2438 immortalibus
2072 2377 2270 2437 laudi-

366 2466 480 2529 bus
523 2479 609 2544 et,
634 2471 684 2531 si
728 2484 951 2532 natura
991 2475 1368 2553 suppeditet,
1411 2475 1816 2534 similitudine
1861 2476 2173 2535 colamus:
2217 2474 2268 2534 is

367 2585 550 2626 verus
603 2570 818 2643 honos,
865 2586 945 2629 ea‘
992 2570 1480 2649 conjunctissimi
1538 2572 1829 2649 cujusque
1885 2570 2106 2649 pietas.
2191 2568 2267 2628 Id

366 2662 528 2723 filiae
551 2685 794 2745 quoque
818 2667 1114 2746 uxorique
1136 2667 1577 2746 praeceperim,
1603 2667 1689 2725 sic
1710 2666 1921 2745 patris,
1946 2666 2033 2726 sic
2054 2665 2267 2726 mariti

366 2762 726 2836 memoriam
748 2763 1044 2837 venerari,
1065 2771 1134 2822 ut
1157 2763 1368 2822 omnia
1388 2763 1555 2822 facta
1579 2764 1867 2843 dictaque
1892 2764 1949 2843 ej
1961 2783 2029 2822 us
2060 2781 2270 2821 secum

365 2857 711 2932 revolvant,
756 2859 1141 2939 formamque
1185 2880 1256 2919 ac
1296 2860 1558 2939 figuram
1603 2860 1791 2920 animi
1841 2860 2039 2939 magis
2083 2878 2267 2937 quam

367 2954 639 3032 corporis
656 2957 1178 3035 complectantur3
1207 2977 1332 3016 non
1353 2956 1498 3036 quia
1518 2957 2031 3016 intercedendum
2051 2965 2267 3035 putem

367 3050 741 3130 imaginibus
783 3073 940 3132 qnae
984 3074 1287 3115 marmore
1331 3064 1440 3114 aut
1483 3074 1622 3114 aere
1664 3055 2003 3133 finguntur,
2033 3054 2162 3126 sed,
2195 3061 2265 3112 ut

364 3149 575 3208 vultus
604 3150 943 3224 hominum,
965 3150 1056 3211 ita
1083 3151 1411 3211 simulacra
1438 3152 1647 3212 vultus
1675 3150 1984 3211 imbecilla
2013 3170 2081 3210 ac
2109 3170 2270 3209 mor-

366 3244 517 3305 talia
545 3255 708 3320 sunt,
737 3248 934 3307 forma
959 3249 1185 3307 mentis
1215 3259 1488 3321 aeterna,
1520 3267 1704 3327 quam
1733 3255 1946 3306 tenere
1978 3257 2041 3307 et
2070 3246 2270 3326 expri-

364 3360 531 3400 mere
561 3362 682 3418 non
713 3363 826 3421 per
855 3343 1117 3402 alienam
1158 3344 1482 3404 materiam
1512 3354 1575 3403 et
1604 3353 1818 3414 artem,
1846 3343 1954 3403 sed
1984 3343 2108 3403 tuis
2137 3344 2267 3423 ipse

368 3439 644 3499 moribus
701 3440 913 3519 possis,
1025 3440 1347 3522 Quidquid
1405 3461 1482 3500 ex
1536 3439 1835 3519 Agricola
1904 3440 2264 3514 amavimus,

371 3536 670 3618 quidquid
720 3537 929 3597 mirati
984 3559 1209 3613 sumuS,
1252 3546 1462 3598 manet
1518 3557 1996 3618 mansurumque
2053 3549 2146 3599 est
2201 3539 2263 3598 in

2314 2776 2373 2821 10

2312 3263 2372 3306 15
