2738 4048
353 236 436 301 52
923 249 1316 298 EXOERPTA
1375 250 1804 298 TACITIANA.

458 406 860 469 subsidiariae
903 408 1188 467 cohortes
1240 418 1304 466 et
1352 407 1729 486 fugientium
1774 407 2019 487 agmine
2065 408 2367 490 impulsae

458 516 756 568 auxerant
787 505 1385 578 consternationem3
1415 505 1947 584 trudebanturque
1978 506 2040 565 in
2073 510 2369 587 paludem

456 626 710 686 gnaram
741 604 1150 677 vincentibus,
1181 604 1457 683 iniquam
1498 604 1734 677 nesciis,
1766 605 1829 661 ni
1862 603 2084 664 Caesar
2109 607 2370 685 produc-

352 720 409 764 10
451 715 547 765 tas
588 705 862 783 legiones
905 703 1333 761 instruxisset:
1377 703 1521 761 inde
1566 704 1849 764 hostibus
1896 715 2110 779 terror,
2140 705 2369 764 fiducia

464 799 684 873 militi3
713 807 777 858 et
803 797 1088 857 manibus
1117 799 1327 877 aequis
1358 798 1725 858 abscessum.
1793 797 1965 871 Mox,
1996 799 2256 859 reducto
2287 799 2370 858 ad

467 894 773 954 Amisiam
803 895 1097 968 exercitu,
1126 895 1400 973 legiones
1428 895 1638 967 classe,
1669 903 1739 954 ut
1781 897 2134 969 advexerat,
2162 915 2371 975 repor-

468 1001 600 1065 tat3
641 1011 783 1070 pars
812 991 1091 1070 equitum
1121 991 1300 1051 litore
1331 992 1564 1051 Oceani
1594 1003 1807 1070 petere
1839 992 2133 1052 Rhenum
2159 993 2371 1070 jussa3

472 1088 907 1167 Caecina,=qui
962 1109 1138 1148 suum
1187 1088 1451 1147 militem
1502 1090 1788 1163 ducebat,
1831 1090 2122 1163 monituS,
2165 1108 2373 1169 quam·

363 1200 426 1246 15
468 1205 652 1265 quam
682 1184 846 1244 notis
873 1184 1197 1245 itineribus
1219 1185 1673 1264 regrederetur,
1692 1198 1913 1266 pontes
1943 1188 2161 1266 longos
2185 1206 2371 1266 quam

469 1282 829 1343 maturrime
871 1302 1175 1361 superare.
1255 1283 1583 1363 Angustus
1621 1284 1673 1344 is
1703 1294 1931 1344 trames
1959 1294 2166 1344 vastas
2205 1283 2372 1342 inter

469 1380 747 1458 paludes,
779 1388 843 1439 et
885 1380 1196 1458 quondam
1239 1399 1276 1438 a
1313 1378 1387 1440 L.
1429 1381 1713 1442 Domitio
1756 1390 2119 1461 aggeratus3
2162 1390 2372 1440 cetera

471 1476 707 1549 limosa,
739 1476 982 1537 tenacia
1008 1476 1189 1554 gravi
1219 1496 1411 1537 caeno
1442 1489 1550 1539 aut
1578 1479 1724 1538 rivis
1753 1478 1991 1538 incerta
2019 1487 2232 1552 erant3
2262 1477 2373 1537 cir-

475 1593 617 1634 cum
661 1572 852 1632 silvae
895 1573 1200 1652 paulatim
1243 1575 1525 1649 acclives,
1558 1595 1708 1654 quas
1751 1584 1887 1635 tum
1916 1573 2235 1633 Arminius
2263 1574 2373 1633 im-

365 1683 425 1728 20
466 1671 684 1750 plevit,
734 1671 1120 1750 compendiis
1176 1672 1416 1731 viarum
1471 1682 1536 1733 et
1592 1673 1718 1732 cito
1774 1672 2021 1752 agmine
2077 1682 2371 1732 onustum

473 1769 727 1828 sarcinis
756 1770 1060 1851 armisque
1089 1772 1351 1832 militem
1382 1791 1521 1831 cum
1553 1770 1985 1830 antevenisset.
2068 1769 2370 1831 Caecinae

473 1865 802 1938 dubitanti,
846 1887 1115 1946 quonam
1157 1870 1345 1928 modo
1392 1876 1608 1947 ruptos
1652 1875 1965 1927 vetustate
2014 1875 2234 1945 pontes
2283 1885 2373 1924 re-

472 1970 731 2040 poneret
760 1961 1065 2043 simulque
1094 1965 1483 2045 propulsaret
1510 1965 1772 2038 hostem,
1804 1973 2004 2023 castra
2041 1961 2266 2022 metari
2302 1961 2371 2020 in

474 2064 611 2123 loco
642 2063 898 2142 placuit,
930 2074 1000 2121 ut
1028 2081 1183 2140 opus
1212 2071 1276 2121 et
1306 2061 1409 2120 alii
1439 2062 1741 2140 proelium
1770 2060 2131 2139 inciperent.

556 2160 654 2219 64.
735 2159 1017 2232 Barbari,
1079 2157 1463 2237 perfringere
1525 2158 1823 2218 stationes
1891 2177 2076 2237 seque
2146 2156 2371 2215 inferre

472 2255 885 2316 munitoribus
940 2255 1076 2329 nisi,
1134 2256 1461 2327 lacessunt,
1503 2254 2121 2333 circumgrediuntur,
2164 2272 2373 2313 occur-

475 2361 650 2413 sant:
691 2351 986 2412 miscetur
1021 2352 1410 2432 operantium
1438 2352 1924 2431 bellantiumque
1955 2350 2203 2410 clamor.
2286 2349 2375 2409 Et

475 2462 701 2518 cuncta
755 2452 989 2531 pariter
1031 2453 1332 2513 Romanis
1390 2453 1669 2525 adversa,
1725 2452 1896 2512 locus
1952 2450 2184 2529 uligine
2239 2470 2376 2529 pro-

368 2564 398 2609 5
474 2549 687 2624 funda,
715 2549 882 2609 idem
911 2551 989 2609 ad
1019 2552 1282 2631 gradum
1321 2550 1644 2622 instabilis,
1674 2547 2150 2628 procedentibus
2191 2546 2375 2605 lubri-

475 2667 600 2720 cUS,
650 2666 910 2726 corpora
956 2648 1171 2726 gravia
1218 2646 1461 2720 loricis3
1516 2665 1716 2725 neque
1765 2646 1988 2705 librare
2037 2644 2163 2723 pila
2209 2643 2376 2702 inter

473 2744 673 2803 undas
700 2753 1011 2822 poterant.
1096 2743 1332 2804 Contra
1363 2742 1691 2803 Cheruscis
1719 2752 1895 2802 sueta
1922 2742 2087 2821 apud
2115 2740 2373 2820 paludes

472 2840 726 2920 proelia,
766 2858 1023 2919 procera
1069 2840 1364 2913 membra,
1407 2841 1623 2900 hastae
1671 2839 1955 2918 ingentes
1999 2838 2078 2897 ad
2119 2836 2376 2896 vulnera

474 2937 757 2997 facienda
786 2935 1063 3016 quamvis
1091 2936 1320 3015 procul.
1405 2936 1553 2995 Nox
1583 2937 1832 2995 demum
1860 2934 2217 2994 inclinantis
2243 2935 2373 3013 jam

369 3049 428 3093 10
469 3034 743 3113 legiones
785 3034 1081 3093 adversae
1122 3052 1367 3112 pugnae
1419 3033 1667 3092 exemit.
1754 3022 2048 3092 Germani
2090 3031 2170 3090 ob
2211 3050 2377 3109 pros-

475 3150 622 3209 pera
649 3129 960 3203 indefessi,
988 3149 1068 3188 ne
1097 3139 1233 3189 tum
1263 3129 1517 3208 quidem
1547 3137 1794 3210 sumpta
1822 3128 2048 3208 quiete,
2074 3136 2376 3206 quantum

477 3246 773 3305 aquarum
822 3226 1054 3286 circum
1103 3225 1498 3304 surgentibus
1544 3226 1713 3306 jugis
1769 3226 1968 3285 oritur
2014 3233 2260 3285 vertere
2310 3221 2376 3281 in

477 3324 779 3402 subjecta,
833 3342 1153 3402 mersa-que
1208 3323 1398 3383 humo
1455 3332 1517 3382 et
1572 3324 1797 3383 obruto
1853 3322 2021 3402 quod
2080 3320 2376 3381 effectum

478 3419 680 3498 operis
736 3419 1085 3498 duplicatus
1138 3419 1324 3479 militi
1389 3419 1582 3481 labor.
1683 3418 2244 3498 Quadragesimum
2309 3415 2376 3474 id

373 3532 436 3577 15
478 3515 857 3596 stipendium
888 3515 1155 3576 Caecina
1192 3516 1454 3595 parendi
1497 3526 1605 3577 aut
1645 3516 2045 3595 imperitandi
2086 3513 2372 3585 habebat,
