2738 4048
380 255 466 322 72

376 1215 438 1262 10

1090 115 1114 137 O

999 267 1393 315 EXCERPTA
1435 265 1861 315 TAGITIANA.

486 446 838 507 quanquam
907 426 1117 485 edicto
1185 425 1527 485 monuisset
1594 445 1672 484 ne
1729 426 1866 504 quis
1923 425 2196 505 quietem
2254 429 2390 508 ejus

483 525 879 602 irrumperet,
902 542 1354 601 concursusque
1380 522 1838 601 oppidanorum
1860 521 2164 601 disposito
2186 525 2386 584 milite

484 621 979 700 prohiberentur,
1021 639 1279 697 perosus
1322 629 1533 677 tamen
1595 618 1933 697 municipia
1995 630 2059 679 et
2116 621 2387 681 colonias

487 717 815 794 omniaque
858 715 923 774 in
971 714 1318 774 continenti
1367 714 1505 787 sita,
1554 715 1823 792 Capreas
1879 734 1944 774 se
1998 715 2065 774 in
2121 716 2386 777 insulam

484 812 749 884 abdidit,
798 811 987 870 trium
1040 811 1281 870 milium
1321 810 1486 871 freto
1544 811 1621 869 ab
1678 811 1974 871 extremis
2035 813 2385 873 Surrentini

483 907 894 989 promontorii
934 907 1335 987 disjunctam.
1422 907 1839 967 Solitudinem
1895 909 2031 989 ejus
2079 910 2383 989 placuisse

482 1005 752 1064 maxime
796 1003 1187 1076 crediderim,
1218 1003 1509 1083 quoniam
1538 1003 1992 1082 importuosum
2021 1005 2186 1065 circa
2211 1027 2384 1067 mare

484 1113 549 1163 et
576 1102 684 1163 vix
710 1100 972 1160 modicis
993 1100 1257 1180 navigiis
1278 1120 1478 1179 pauca
1505 1101 1812 1176 subsidia3
1840 1121 2039 1181 neque
2071 1104 2396 1182 appulerit

481 1200 806 1280 quisquam
842 1198 960 1258 nisi
1000 1219 1197 1278 gnaro
1228 1200 1506 1258 custode.
1591 1198 1763 1258 Caeli
1804 1200 2138 1279 temperies
2180 1201 2382 1262 hieme

479 1297 651 1356 mitis
694 1297 944 1375 objectu
984 1297 1236 1370 montiS,
1278 1318 1401 1376 quo
1446 1317 1632 1357 saeva
1679 1307 2012 1358 ventorum
2056 1312 2384 1381 areentur3

483 1405 683 1455 aestas
726 1394 792 1453 in
847 1375 1171 1453 favonium
1213 1394 1475 1454 obversa
1515 1405 1580 1455 et
1623 1405 1841 1474 apeito
1884 1397 2117 1459 circum
2157 1401 2382 1482 pelago

479 1519 885 1581 peramoena3
926 1497 1487 1578 prospectabatque
1516 1499 2003 1577 pulcherrimum
2031 1501 2251 1575 sinum,
2281 1522 2386 1562 an-

478 1608 734 1678 tequam
761 1596 1074 1657 Vesuvius
1102 1615 1281 1655 mons
1310 1595 1637 1654 ardescens
1666 1594 1891 1654 faciem
1930 1597 2053 1656 loci
2084 1609 2382 1660 verteret.

373 1710 433 1757 15
476 1697 747 1758 Graecos
802 1719 877 1758 ea
941 1698 1215 1759 tenuisse
1273 1697 1666 1776 Capreasque
1722 1697 2013 1757 Telebois
2067 1698 2381 1760 habitatas

372 2199 436 2244 20

478 1797 647 1856 fama
699 1797 914 1857 tradit.
1000 1797 1126 1857 Sed
1174 1805 1310 1855 tum
1362 1794 1648 1854 Tiberius
1703 1793 2037 1854 duodecim
2089 1794 2383 1856 villarum

479 1894 833 1954 nominibus
863 1903 927 1954 et
963 1894 1230 1954 molibus
1270 1892 1604 1966 insederat,
1634 1899 1867 1971 quanto
1908 1891 2187 1952 intentus
2229 1893 2381 1953 olim

478 1991 757 2071 publicas
788 1991 867 2051 ad
896 2011 1092 2066 curaS,
1121 2000 1298 2051 tanto
1329 1990 1696 2052 occultiores
1724 1991 1790 2051 in
1818 1991 2001 2052 luxus
2043 2001 2107 2052 et
2147 1993 2382 2053 malum

481 2088 682 2148 otium
720 2088 1043 2148 resolutus.
1127 2088 1429 2151 Manebat
1459 2088 1688 2168 quippe
1718 2089 2131 2167 suspitionum
2161 2100 2226 2151 et
2256 2110 2382 2150 cre-

479 2184 673 2243 dendi
713 2185 1051 2258 temeritas,
1082 2204 1268 2263 quam
1312 2187 1576 2266 Sejanus
1619 2205 1844 2265 augere
1887 2186 2079 2245 etiam
2120 2187 2185 2245 in
2226 2187 2380 2247 urbe

480 2294 693 2345 suetus
749 2286 949 2346 acrius
1004 2287 1314 2361 turbabat,
1362 2309 1489 2348 non
1544 2289 1675 2369 jam
1730 2288 1991 2348 occultis
2047 2288 2382 2348 adversum

479 2381 899 2462 Agrippinam
928 2393 991 2444 et
1019 2384 1338 2444 Neronem
1365 2385 1627 2445 insidiis.
1714 2385 1868 2457 Quis
1911 2385 2160 2445 additus
2201 2384 2380 2444 miles

478 2480 750 2555 nuntios,
791 2480 1103 2556 introituS,
1133 2492 1365 2561 aperta,
1397 2492 1636 2542 secreta
1676 2484 1850 2543 velut
1890 2483 1956 2542 in
1999 2483 2251 2542 annales
2291 2502 2383 2542 re-

478 2578 753 2653 serebat3
793 2579 1082 2659 ultroque
1125 2580 1524 2639 struebantur
1552 2580 1658 2659 qui
1685 2588 2015 2639 monerent
2050 2579 2377 2658 perfugere

477 2676 559 2735 ad
595 2674 965 2735 Germaniae
1010 2676 1333 2750 exercituS,
1362 2676 1465 2736 vel
1507 2676 1908 2736 celeberrimo
1949 2676 2079 2735 fori
2111 2675 2379 2754 effigiem

478 2772 610 2831 divi
637 2772 910 2852 Augusti
940 2772 1249 2851 amplecti,
1280 2773 1700 2852 populumque
1732 2792 1803 2832 ac
1831 2781 2116 2831 senatum
2145 2772 2377 2832 auxilio

476 2888 723 2930 vocare.
805 2869 1021 2957 anue
1050 2879 1257 2950 spreta
1297 2871 1376 2931 ab
1417 2870 1556 2945 illis,
1585 2872 1762 2931 velut
1788 2873 2098 2950 pararent,
2130 2868 2381 2951 objicie-

477 2965 721 3027 bantur.
1642 2973 1647 2979 '
