2738 4048
374 200 504 264 144
938 213 1331 262 ΕΧΟΕΒΡΤΑ
1376 214 1811 262 TAOITIANA.

372 483 434 528 15

374 1743 435 1789 10

481 370 634 450 cipis
682 370 1155 444 interciderunt,
1196 370 1398 450 pauci,
1440 380 1510 431 ut
1555 371 1644 431 sic
1690 370 1972 446 dixerim,
2020 391 2147 431 non
2190 372 2385 434 modo

479 468 738 527 aliorum
767 469 875 527 sed
906 469 1091 526 etiam
1120 469 1319 527 nostri
1350 468 1714 546 superstites
1744 489 1970 542 sumuS,
2000 471 2305 548 exemptis
2349 489 2384 528 e

477 565 685 624 media
725 565 856 624 vita
897 574 993 624 tot
1036 565 1230 638 anniS,
1275 566 1498 644 quibus
1543 567 1805 645 juvenes
1849 565 1930 624 ad
1971 575 2383 639 senectutem,

479 682 654 722 senes
683 681 874 739 prope
905 662 983 720 ad
1013 662 1180 740 ipsos
1208 672 1463 722 exactae
1494 662 1714 721 aetatis
1744 663 2039 722 terminos
2067 682 2179 742 per
2204 664 2386 723 silen-

480 759 639 818 tium
667 756 968 816 venimuS.

560 854 616 912 4.
673 854 922 912 Gnaeus
950 854 1157 913 Julius
1185 854 1502 933 Agricola,
1531 863 1743 919 vetere
1774 865 1838 915 et
1864 855 2091 914 illustri
2123 855 2386 936 Foroju-

478 949 766 1010 liensium
808 950 1049 1008 colonia
1090 961 1280 1024 ortuS‚
1321 963 1647 1030 utrumque
1691 971 1877 1010 avum
1919 960 2384 1029 procuratorem

482 1047 816 1106 Caesarum
845 1047 1080 1120 habuit,
1110 1067 1264 1125 quae
1308 1047 1610 1126 equestris
1652 1047 1945 1107 nobilitas
1988 1056 2104 1106 est.
2189 1049 2383 1107 Pater

479 1143 686 1204 Julius
730 1143 1067 1203 Graecinus
1110 1145 1404 1203 senatorii
1447 1144 1701 1216 ordiniS‚
1730 1144 1938 1204 studio
1982 1144 2376 1223 eloquentiae

477 1241 936 1319 sapientiaeque
980 1250 1185 1314 notuS‚
1227 1240 1426 1321 iisque
1474 1241 1624 1319 ipsis
1675 1240 2012 1300 virtutibus
2059 1241 2215 1300 iram
2265 1240 2379 1301 Oai

482 1337 760 1398 Caesaris
790 1338 1047 1397 meritus
1073 1358 1086 1396 :
1129 1357 1397 1417 namque
1428 1337 1516 1396 M.
1548 1339 1828 1397 Silanum
1858 1356 2144 1397 accusare
2165 1338 2376 1416 jussus

480 1445 563 1508 et,
594 1435 737 1515 quia
766 1434 1081 1507 abnuerat,
1111 1435 1472 1494 interfectus
1503 1444 1614 1494 est.
1671 1434 1879 1494 Mater
1905 1434 1949 1495 J
1954 1434 2078 1494 ulia
2107 1433 2383 1494 Procilla

477 1532 619 1605 suit,
676 1550 849 1590 rarae
906 1531 1250 1591 castitatis:
1313 1532 1379 1590 in
1434 1533 1621 1611 hujus
1678 1532 1813 1591 sinu
1868 1532 2382 1611 indulgentiaque

479 1632 778 1691 educatus
808 1650 918 1709 per
947 1649 1196 1690 omnem
1225 1630 1627 1708 honestarum
1657 1628 1885 1688 artium
1914 1628 2151 1689 cultum
2180 1628 2380 1707 pueri-

477 1729 631 1789 tiam
685 1728 1284 1807 adolescentiamque
1350 1726 1671 1804 transegit.
1769 1726 2046 1785 Arcebat
2101 1745 2245 1785 eum
2301 1725 2379 1785 ab

480 1827 782 1886 illecebris
805 1826 1179 1906 pecantium‚
1202 1834 1446 1904 praeter
1473 1824 1665 1904 ipsius
1694 1824 1922 1885 bonam
1945 1824 2378 1904 integramque

478 1933 785 1997 naturam,
833 1925 997 2002 quod
1041 1924 1253 1984 statim
1300 1924 1593 2002 parvulus
1642 1923 1854 1982 sedem
1895 1942 1965 1982 ac
2014 1922 2380 2001 magistram

480 2021 825 2082 studiorum
857 2020 1194 2080 Massiliam
1222 2020 1460 2094 habuit,
1488 2021 1694 2081 locum
1727 2020 1962 2081 Graeca
1989 2020 2284 2080 comitate
2317 2030 2382 2081 et

479 2117 845 2197 provinciali
893 2118 1267 2196 parsimonia
1310 2117 1579 2178 mixtum
1627 2137 1697 2177 ac
1741 2118 1898 2177 bene
1944 2118 2381 2196 compositum.

374 2228 437 2274 15
480 2213 788 2273 Memoria
841 2222 1025 2272 teneo
1081 2214 1332 2273 solitum
1391 2215 1595 2293 ipsum
1643 2234 1893 2274 narrare
1951 2234 2014 2274 se
2070 2215 2270 2293 prima
2311 2214 2379 2272 in

473 2312 739 2390 juventa
776 2309 1050 2369 studium
1093 2311 1519 2390 philosophiae
1563 2312 1782 2384 acrius,
1814 2312 1976 2370 ultra
2017 2331 2201 2390 quam
2243 2330 2385 2370 con-

481 2399 721 2468 cessum
769 2408 1053 2467 Romano
1112 2428 1183 2468 ac
1237 2409 1529 2482 senatori,
1581 2409 1876 2482 hausisse,
1927 2408 1994 2467 ni
2049 2407 2385 2487 prudentia

480 2505 696 2565 matris
745 2504 1063 2564 incensum
1114 2524 1184 2564 ac
1230 2506 1599 2584 fiagrantem
1655 2506 1931 2564 animum
1988 2504 2380 2565 coercuisset.

484 2602 736 2663 Scilicet
764 2602 1025 2662 sublime
1062 2610 1125 2661 et
1169 2612 1447 2661 erectum
1487 2601 1804 2680 ingenium
1847 2601 2384 2680 pulchritudinem

374 2714 437 2761 20
479 2719 551 2760 ac
600 2699 867 2778 speciem
911 2718 1171 2777 magnae
1218 2700 1618 2777 excelsaeque
1663 2698 1899 2777 gloriae
1949 2698 2382 2758 vehementius

481 2816 668 2876 quam
709 2805 886 2855 caute
930 2796 1299 2873 appetebat:
1341 2816 1488 2854 mox
1529 2796 1843 2875 mitigavit
1884 2796 2045 2855 ratio
2086 2804 2152 2855 et
2195 2806 2382 2868 aetaS‚

481 2892 877 2972 retinuitque,
901 2892 1067 2970 quod
1089 2901 1184 2951 est
1208 2891 1655 2965 difficillimum,
1675 2912 1752 2950 ex
1776 2892 2081 2970 sapientia
2102 2892 2377 2951 modum.

564 2990 616 3048 5.
673 2989 887 3047 Prima
908 2998 1248 3048 castrorum
1269 2988 1624 3047 rudimenta
1645 2988 1709 3046 in
1729 2988 2059 3047 Britannia
2080 2988 2381 3048 Suetonio

482 3085 768 3159 Paulino,
792 3085 1174 3165 diligentiae
1205 3086 1524 3144 moderato
1548 3084 1709 3158 duci,
1733 3085 2124 3164 approbavit,
2147 3086 2380 3143 electus

482 3202 667 3261 quem
694 3182 1101 3242 contubernio
1144 3181 1517 3240 aestimaret.
1599 3182 1737 3241 Nec
1764 3181 2063 3260 Agricola
2105 3181 2381 3252 licenter,

481 3298 653 3338 more
680 3280 976 3359 juvenum
1000 3278 1107 3358 qui
1135 3278 1425 3337 militiam
1452 3278 1514 3336 in
1545 3277 1863 3337 lasciviam
1886 3288 2156 3350 vertunt,
2179 3296 2380 3356 neque

482 3375 754 3454 segniter
775 3376 854 3435 ad
875 3376 1228 3454 voluptates
1251 3384 1315 3435 et
1337 3384 1720 3435 commeatus
1749 3375 2001 3434 titulum
2030 3375 2384 3433 tribunatus

483 3480 548 3531 et
602 3471 910 3531 inscitiam
963 3471 1243 3532 rettulit:
1299 3472 1408 3532 sed
1454 3490 1705 3531 noscere
1753 3470 2158 3550 provinciam,
2210 3468 2383 3529 nosci
