2738 4048
365 265 448 329 84
929 279 1323 327 EXCERPTA
1365 280 1796 328 TAGITIANA.

551 439 647 498 29.
715 436 980 517 Ignarus
1008 437 1262 496 interim
1293 437 1493 497 Galba
1522 446 1585 498 et
1613 438 1801 498 sacris
1827 438 2110 499 intentus
2149 438 2372 518 fatiga-

467 535 578 594 bat
608 528 792 594 alieni
823 535 959 614 jam
987 534 1231 613 imperii
1259 535 1426 608 deos,
1458 554 1598 594 cum
1628 535 1881 595 affertur
1907 556 2118 595 rumor
2145 535 2277 614 rapi
2306 537 2372 595 in

471 644 674 692 castra
715 632 1022 690 incertum
1066 651 1250 710 quem
1292 642 1661 705 senatorem,
1692 652 1837 690 mox
1880 631 2196 691 Othonem
2238 651 2371 692 esse

472 729 578 808 qui
619 740 976 806 raperetur:
1021 724 1199 787 simul
1243 748 1319 787 ex
1362 738 1498 788 tota
1540 728 1707 801 urbe,
1737 739 1809 788 ut
1850 729 2108 809 quisque
2150 729 2373 789 obvius

165 853 286 925 Nx
363 839 394 885 5
471 825 695 897 fuerat,
739 824 842 882 alii
885 824 1217 883 formidine
1262 833 1577 903 augentes,
1620 825 1873 905 quidam
1920 825 2165 885 minora
2208 845 2372 899 vero,

281 908 342 941 Χ
471 941 550 979 ne
586 931 724 979 tum
753 920 1004 999 quidem
1035 920 1211 979 obliti
1243 921 1638 980 adulationis.
1721 919 1924 1000 Igitur
1968 922 2371 982 consultanti-

433 1022 438 1025 *
469 1017 586 1076 bus
613 1017 846 1095 placuit
873 1017 1217 1109 pertentari
1248 1017 1521 1076 animum
1551 1019 1821 1077 cohortis
1851 1037 2006 1099 quae
2034 1018 2098 1077 in
2123 1018 2372 1078 Palatio

471 1114 803 1174 stationem
834 1114 1072 1192 agebat,
1103 1134 1216 1174 nec
1243 1134 1354 1193 per
1383 1115 1585 1193 ipsum
1615 1115 1894 1187 Galbam,
1927 1116 2100 1194 cujus
2128 1115 2374 1194 integra

473 1212 806 1270 auctoritas
863 1211 1195 1289 majoribus
1252 1212 1538 1272 remediis
1594 1213 1970 1272 servabatur.
2054 1213 2203 1272 Piso
2258 1233 2372 1292 pro

365 1324 427 1369 10
467 1309 764 1389 gradibus
794 1309 1013 1367 domus
1042 1320 1294 1368 vocatos
1324 1309 1388 1368 in
1418 1311 1583 1369 hunc
1609 1310 1865 1368 modum
1896 1310 2198 1369 allocutus
2240 1320 2372 1371 est:

472 1414 488 1443 ‘
505 1415 715 1465 sextus
742 1406 871 1464 dies
897 1407 1115 1483 agitur,
1141 1406 1610 1479 cominilitoneS‚
1631 1426 1705 1464 ex
1731 1426 1849 1484 quo
1882 1390 2130 1486 ignarus
2156 1406 2374 1482 futuri,

473 1513 537 1564 et
593 1503 722 1562 sive
778 1502 1121 1581 optandum
1179 1503 1295 1560 hoc
1350 1523 1576 1562 nomen
1633 1503 1760 1562 sive
1815 1502 2162 1563 timendum
2219 1513 2372 1579 erat,

473 1603 699 1662 Caesar
717 1601 985 1659 adscitus
1010 1619 1162 1672 sum,
1183 1619 1303 1678 quo
1328 1600 1549 1659 domus
1572 1609 1816 1660 nostrae
1840 1610 1947 1660 aut
1976 1601 2063 1660 rei
2091 1602 2372 1681 publicae

470 1698 620 1771 fato,
650 1698 712 1757 in
741 1706 946 1756 vestra
977 1717 1160 1754 manu
1189 1697 1465 1775 positum
1487 1707 1615 1770 est;
1645 1717 1769 1755 non
1793 1698 1935 1777 quia
1956 1717 2095 1757 meo
2120 1700 2372 1760 nomine

365 1810 425 1855 15
469 1796 802 1854 tristiorem
833 1814 1041 1852 casum
1070 1813 1346 1871 paveam,
1378 1804 1445 1852 ut
1476 1794 1578 1873 qui
1609 1795 1898 1854 adversas
1939 1814 2036 1854 res
2079 1806 2371 1875 expertus

473 1912 613 1951 cum
668 1892 936 1949 maxime
980 1892 1210 1950 discam
1254 1911 1332 1949 ne
1378 1893 1676 1951 secundas
1720 1892 1969 1971 quidem
2010 1893 2213 1952 minus
2255 1895 2374 1954 dis-

472 1987 744 2048 criminis
793 1988 1016 2047 habere
1043 2009 1056 2047 :
1113 1988 1304 2067 patris
1355 1998 1420 2049 et
1476 2001 1724 2049 senatus
1773 1998 1838 2050 et
1883 1989 2074 2068 ipsius
2128 1990 2369 2070 imperii

472 2085 670 2144 vicem
702 2086 898 2159 doleO,
929 2086 978 2145 si
1009 2086 1185 2145 nobis
1214 2096 1322 2145 aut
1352 2086 1551 2165 perire
1584 2086 1770 2173 hodie
1813 2106 2061 2148 necesse
2105 2098 2215 2173 est,
2245 2100 2370 2162 aut,

473 2186 639 2263 quod
670 2191 860 2265 aeque
904 2191 1064 2267 apud
1104 2191 1300 2251 bonos
1343 2193 1636 2252 miserum
1680 2203 1790 2266 est,
1820 2194 2118 2253 occidere.
2204 2190 2371 2251 Sola·

364 2296 427 2341 20
470 2283 633 2341 cium
687 2284 951 2362 proximi
1007 2298 1211 2347 motus
1261 2290 1638 2351 habebamus
1693 2291 2079 2351 incruentam
2137 2289 2367 2362 urbem,

474 2390 537 2440 et
579 2401 676 2440 res
718 2381 848 2441 sine
893 2383 1199 2444 discordia
1241 2389 1609 2448 translatas:
1666 2388 1981 2468 provisum
2031 2387 2369 2466 adoptione

474 2480 818 2556 videbatur,
877 2492 946 2542 ut
1007 2504 1085 2542 00
1140 2494 1281 2563 post
1337 2486 1600 2545 Galbam
1658 2486 1908 2566 quidem
1961 2485 2127 2547 bello
2197 2485 2368 2545 locus

474 2579 672 2646 esset?

552 2679 647 2737 30.
718 2684 735 2714 ‘
753 2678 930 2738 Nihil
961 2679 1259 2757 arrogabo
1289 2680 1438 2739 mihi
1476 2680 1817 2741 nobilitatis
1848 2690 1956 2741 aut
1983 2679 2326 2741 modestiae
2351 2698 2368 2753 ;

470 2795 670 2855 neque
714 2776 877 2835 enim
919 2777 1117 2835 relatu
1155 2776 1459 2837 virtutum
1503 2777 1568 2836 in
1613 2779 2071 2857 comparatione
2101 2777 2370 2837 Othonis

469 2879 624 2951 opus
667 2881 799 2933 est:
842 2872 1012 2947 vitia,
1058 2873 1277 2952 quibus
1320 2874 1465 2934 solis
1505 2875 1821 2953 gloriatur,
1866 2886 2140 2936 evertere
2183 2875 2370 2953 impe-

470 2971 648 3044 rium,
673 2970 862 3030 etiam
893 2991 1029 3030 0001
1062 2970 1322 3030 amicum
1355 2971 1738 3050 imperatoris
1762 2982 1990 3052 ageret.
2050 2972 2369 3032 Habitune

362 3081 392 3124 5
468 3077 531 3125 et
561 3067 800 3127 incessu
830 3088 906 3127 an
936 3068 1042 3127 illo
1074 3067 1354 3126 muliebri
1384 3081 1602 3128 ornatu
1632 3080 1971 3129 mereretur
1998 3069 2321 3147 imperium
2342 3069 2370 3126 ‘i’

471 3163 800 3223 Falluntur
842 3165 1061 3244 quibus
1102 3164 1345 3223 luxuria
1390 3165 1590 3244 specie
1632 3166 2018 3226 liberalitatis
2059 3165 2368 3244 imponit:

470 3262 727 3337 perdere
784 3262 902 3322 iste
959 3262 1129 3334 sciet,
1176 3262 1406 3320 donare
1461 3262 1713 3322 nesciet.
1800 3263 2029 3342 Stupra
2082 3282 2248 3322 nunc
2302 3271 2368 3321 et

472 3357 936 3417 comissationes
966 3369 1028 3417 et
1055 3358 1426 3417 feminarum
1457 3370 1668 3418 coetus
1697 3359 1897 3418 volvit
1926 3360 2131 3418 animo
2159 3379 2171 3417 :
2214 3360 2367 3417 haec

471 3452 850 3530 principatus
892 3454 1164 3532 praemia
1205 3463 1400 3531 putat,
1431 3475 1689 3532 quorum
1731 3456 1923 3514 libido
1966 3476 2038 3515 ac
2080 3456 2368 3533 voluptas

366 3560 427 3604 10
470 3567 658 3624 penes
687 3548 886 3622 ipsum
926 3550 1022 3619 sit,
1050 3550 1239 3606 rubor
1269 3571 1339 3609 ac
1371 3550 1639 3609 dedecus
1667 3570 1857 3628 penes
1887 3573 2099 3612 omnes
2124 3572 2140 3626 ;
2181 3571 2364 3611 nemo
