2738 4048
813 287 1334 336 ms'romARUM
1379 289 1598 337 LIBER
1644 289 1943 338 ramus.
2300 276 2383 341 85

376 443 543 504 enim
564 462 834 524 unquam
862 443 1188 523 imperium
1208 445 1446 525 flagitio
1468 447 1813 525 quaesitum
1834 447 2014 508 bonis
2044 448 2277 510 artibus

378 541 671 601 exercuit.
728 540 990 600 Galbam
1019 562 1352 602 consensus
1380 543 1622 622 generis
1650 545 1919 618 humani,
1947 565 2048 604 me
2079 545 2278 606 Galba

378 637 903 698 consentientibus
932 638 1124 712 vobis,
1156 639 1483 698 Caesarem
1511 640 1687 700 dixit.
1747 640 1813 700 Si
1840 642 2185 720 respublica
2213 656 2279 704 et

378 724 628 795 senatus
656 742 720 794 et
748 734 1014 814 populus
1040 755 1237 795 vacua
1265 737 1516 796 nomina
1545 746 1705 811 sunt,
1731 747 1956 812 vestra,
1988 741 2279 800 commili-

377 841 573 903 tones,
599 831 862 890 interest
890 852 968 891 ne
997 831 1431 910 imperatorem
1459 834 1711 912 pessimi
1739 835 1992 896 faciant.
2063 836 2281 916 Legio-
2321 853 2382 898 15

379 949 529 987 num
558 927 781 988 seditio
812 928 1104 989 adversus
1133 930 1319 989 duces
1349 949 1492 989 suos
1521 931 1734 990 audita
1775 942 1870 992 est
1912 933 2277 1014 aliquando:

378 1035 585 1085 vestra
610 1025 765 1084 fides
792 1025 1081 1106 famaque
1116 1027 1327 1086 illaesa
1368 1027 1449 1086 ad
1491 1028 1655 1088 hunc
1697 1029 1864 1089 diem
1906 1032 2170 1091 mansit:
2213 1040 2278 1092 et

378 1121 551 1182 Nero
580 1141 824 1202 quoque
854 1143 966 1183 vos
995 1123 1299 1197 destituit,
1326 1144 1454 1183 non
1492 1144 1603 1184 vos
1646 1126 1981 1186 Neronem.
2065 1128 2277 1188 Minus

379 1219 634 1298 triginta
661 1218 1018 1298 transfugae
1048 1228 1112 1279 et
1141 1219 1505 1295 desertores,
1536 1242 1688 1301 quos
1718 1225 2143 1284 centurionem
2170 1234 2278 1284 aut

379 1316 699 1376 tribunum
738 1304 868 1375 sibi'
898 1317 1198 1396 eligentes
1240 1337 1423 1378 nemo
1464 1319 1676 1396 ferret,
1719 1321 2044 1401 imperium
2101 1323 2285 1402 assig-
2324 1336 2383 1381 20
2468 1331 2479 1342 ⁴

379 1412 664 1472 nabunt?
744 1413 1101 1473 Admittitis
1151 1417 1548 1495 exemplum?
1604 1427 1666 1477 et
1709 1419 2079 1498 quiescendo
2123 1439 2280 1478 com-

381 1528 567 1569 mune
624 1509 853 1569 crimen
908 1510 1157 1570 facitis?
1256 1512 1639 1574 Trascendet
1694 1516 1846 1575 haec
1908 1516 2158 1574 licentia
2211 1516 2277 1574 in

381 1606 744 1685 provinciaS,
775 1615 839 1666 et
869 1606 947 1665 ad
976 1627 1089 1667 nos
1118 1609 1417 1669 scelerum
1438 1612 1670 1686 exitus,
1697 1612 2002 1672 bellorum
2046 1612 2122 1671 ad
2165 1632 2279 1672 vos

381 1703 800 1783 pertinebunt.
884 1702 1023 1763 Nec
1077 1713 1173 1765 est
1215 1707 1355 1785 plus
1400 1709 1561 1786 quod
1605 1729 1716 1787 pro
1758 1710 1947 1768 caede
1987 1708 2280 1788 principis

384 1820 567 1880 quam
622 1800 786 1880 quod
835 1791 1273 1863 innocentibus*
1320 1804 1670 1888 datur,·sed
1721 1806 1975 1885 perinde
2022 1825 2059 1864 a
2101 1805 2280 1865 nobis
2320 1820 2384 1866 25

383 1898 750 1958 donativum
792 1898 871 1958 ob
911 1898 1102 1958 fidem
1145 1921 1330 1980 quam
1373 1903 1451 1963 ab
1493 1903 1625 1963 aliis
1667 1923 1778 1983 pro
1817 1902 2089 1963 facinore
2131 1903 2282 1963 acci-

382 1993 600 2075 pietis?
1301 2047 1312 2050 -
2288 1984 2293 1993 ’

462 2098 557 2155 40.
628 2097 957 2177 Agebatur
984 2100 1106 2159 huc
1133 2099 1279 2159 illuc
1304 2099 1520 2174 Galba,
1540 2099 1712 2160 vario
1743 2099 1958 2159 turbae
1985 2100 2282 2159 fluctuan-

381 2193 461 2254 tis
517 2194 803 2274 impulsu,
855 2196 1181 2275 completis
1237 2198 1510 2277 undique
1567 2197 1833 2257 basilicis
1892 2216 1962 2256 ac
2016 2197 2280 2275 templis,

383 2292 630 2371 lugubri
675 2304 1038 2373 prospectu:
1090 2314 1291 2375 neque
1332 2294 1545 2374 populi
1588 2305 1694 2354 aut
1736 2295 1933 2373 plebis
1979 2294 2100 2353 ulla
2138 2314 2280 2367 vox,

383 2393 494 2452 sed
537 2395 788 2454 attoniti
832 2395 1040 2454 vultus
1083 2402 1146 2454 et
1189 2412 1520 2452 conversae
1564 2393 1641 2451 ad
1684 2392 1892 2451 omnia,
1933 2411 2126 2464 aures,
2154 2411 2280 2450 non

383 2492 704 2564 tumultuS,
726 2512 848 2551 non
881 2492 1069 2572 quies,
1094 2492 1272 2572 quale
1303 2490 1513 2568 magni
1540 2498 1742 2548 metus
1770 2497 1835 2547 et
1863 2507 2126 2566 magnae
2155 2487 2283 2546 irae
2355 2501 2386 2546 5

385 2588 696 2647 silentium
739 2599 849 2649 est.
936 2588 1172 2649 Othoni
1202 2598 1410 2648 tamen
1441 2585 1663 2644 armari
1693 2584 1934 2663 plebem
1964 2583 2283 2641 nuntiabae

384 2694 522 2745 tur:
564 2686 651 2746 ire
680 2687 1048 2766 praecipites
1078 2696 1142 2746 et
1170 2704 1470 2765 occupare
1501 2683 1768 2763 pericula
1795 2681 1994 2759 jubet.
2078 2679 2282 2758 Igitur

383 2783 611 2842 milites
654 2782 937 2855 Romani,
968 2784 1140 2863 quasi
1182 2782 1571 2862 Vologesum
1615 2790 1721 2838 aut
1762 2778 2070 2837 Pacorum
2113 2776 2280 2836 avito

385 2880 822 2941 Arsacidarum
852 2881 1005 2940 solio
1036 2880 1365 2958 depulsuri,
1387 2898 1458 2937 ac
1487 2897 1611 2937 non
1639 2877 2072 2955 imperatorem
2103 2893 2282 2932 suum

384 2977 682 3037 inermem
710 2987 775 3037 et
804 2998 1013 3038 senem
1051 2978 1361 3038 trucidare
1403 2976 1751 3057 pergerent,
1781 2974 2044 3053 disjecta
2083 2971 2282 3049 plebe,
2328 2984 2386 3029 10

384 3075 740 3153 proculcato
796 3085 1032 3147 senatu,
1087 3084 1293 3134 truces
1350 3074 1552 3147 armis,
1600 3071 1800 3151 rapidi
1857 3069 2028 3147 equis
2082 3068 2280 3126 forum

385 3172 772 3251 irrumpunt:
829 3191 945 3231 nec
998 3172 1134 3231 illos
1179 3170 1470 3249 Capitolii
1528 3179 1810 3248 aspectus
1853 3175 1916 3225 et
1964 3164 2282 3223 imminen-

385 3269 543 3328 tium
584 3269 955 3347 templorum
996 3267 1231 3347 religiO,
1261 3276 1325 3326 et
1366 3267 1600 3345 priores
1643 3275 1705 3325 et
1747 3262 1934 3323 futuri
1978 3261 2284 3341 principes

387 3374 658 3425 terruere
704 3386 825 3444 quo
881 3365 1085 3424 minus
1138 3362 1416 3423 facerent
1472 3363 1685 3433 sceluS,
1735 3363 1913 3441 cujus
1970 3358 2135 3418 ultor
2190 3366 2284 3417 est

387 3462 660 3543 quisquis
705 3462 1013 3522 successit.
1205 3535 1208 3536 ⁷
2329 3469 2389 3513 15

467 3560 562 3619 49.
631 3560 867 3622 Galbae
910 3579 1148 3638 corpus,
1179 3558 1286 3616 diu
1328 3556 1683 3635 neglectum
1726 3565 1789 3615 et
1832 3553 2083 3615 licentia
2125 3564 2285 3614 tene-

2272 2022 2343 2056 Ὺ,-
