2738 4048
385 252 467 315 88
949 266 1341 314 EXCERPTA
1387 266 1817 315 TAOI'HANA.

488 435 704 503 raptus
743 424 1061 504 penatium
1103 426 1442 485 hauserunt
1485 424 1709 498 anim0‚
1739 444 1924 503 super
1964 425 2288 485 avaritiam
2332 436 2399 488 et

490 522 923 600 arrogantiam,
966 521 1298 601 praecipua
1354 521 1757 595 validiorum„
1783 521 1956 594 vitia,
2000 524 2397 583 contumacia

491 620 809 678 Gallorum
847 619 1087 692 irritati,
1117 620 1239 698 qui,
1270 620 1586 677 remissam
1629 618 1748 678 sibi
1791 638 1827 677 a
1870 618 2068 678 Galba
2110 630 2396 699 quartam

490 716 862 775 tributorum
906 728 1145 795 partem
1189 726 1254 776 ct
1294 717 1539 796 publice
1570 717 1854 790 donatOS,
1883 717 1944 777 in
1988 718 2396 797 ignominiam

384 827 447 872 25
491 813 798 871 exercitus
826 814 1164 892 jactabant.
1225 813 1508 872 Accessit
1539 813 1760 873 callide
1790 815 2133 893 vulgatum,
2161 827 2395 876 temere

493 910 813 981 creditum,
846 909 1161 968 decumari
1202 910 1479 988 legiones
1523 920 1587 969 ct
1628 912 2160 990 promptissimum
2189 933 2397 992 quem-

494 1025 611 1083 que
668 1006 1099 1064 centurionum
1158 1007 1410 1066 dimitti.
1517 1007 1815 1087 Undique
1873 1021 2109 1070 atroces
2165 1010 2391 1083 nuntii,

493 1102 739 1161 sinistra
767 1123 843 1161 ex
875 1104 1023 1162 urbe
1052 1104 1246 1162 fama:
1289 1104 1531 1163 infensa
1565 1103 1999 1184 Lugdunensis
2034 1108 2275 1167 colonia
2307 1118 2392 1181 et,

492 1198 792 1278 pertinaci
848 1220 957 1278 pro
1016 1199 1267 1259 Nerone
1323 1202 1465 1275 fide,
1522 1202 1792 1262 fecunda
1846 1204 2228 1278 rumoribus;
2283 1200 2395 1264 sed.

367 1310 447 1367 ‚30
489 1295 751 1375 plurima
780 1296 858 1354 ad
888 1296 1250 1376 fingendum
1280 1299 1780 1379 credendumque
1810 1301 2098 1360 materies
2138 1300 2202 1360 in
2240 1300 2391 1381 ipsis

494 1393 724 1466 castriS,
754 1393 896 1453 odio
939 1406 1111 1453 metu
1154 1405 1237 1468 et,
1269 1396 1374 1455 ubi
1405 1397 1564 1456 vires
1606 1417 1745 1457 suas
1788 1407 2201 1477 respexerant,
2230 1417 2397 1457 secu-

493 1490 695 1549 ritate.

577 1589 671 1647 61.
741 1588 1062 1669 Adjuncto
1120 1589 1483 1651 Britannico
1541 1592 1833 1664 exercitu,
1889 1591 2108 1672 ingens
2162 1576 2397 1651 viribus

496 1686 834 1765 opibusque
866 1686 1161 1746 Vitellius
1197 1688 1353 1748 duos
1395 1688 1600 1762 duce8‚
1632 1690 1756 1748 duo
1798 1688 2021 1748 itinera
2062 1689 2222 1748 bello
2266 1689 2398 1747 des-
2430 1744 2433 1747 ,

494 1784 753 1842 tinavit:
798 1784 1025 1843 Fabius
1069 1784 1302 1844 Valens
1346 1785 1587 1844 allicere
1630 1787 1747 1858 vel,
1786 1785 1836 1845 si
1879 1786 2236 1858 abnuerent,
2266 1804 2399 1844 vas-

495 1892 627 1938 tare
677 1881 909 1941 Gallias
959 1891 1022 1942 et
1070 1881 1381 1941 Cottianis
1423 1882 1689 1960 Alpibus
1740 1881 1985 1941 Italiam
2039 1872 2396 1961 irrumpere,

389 1990 420 2037 5
495 1977 761 2038 Caecina
801 1978 1083 2058 propiore
1127 1978 1392 2038 transitu
1434 1978 1731 2039 Poeninis
1763 1978 1933 2059 jugis
1975 1979 2230 2060 degredi
2270 1979 2397 2059 jus-

496 2096 615 2134 sus,
675 2076 930 2136 Valenti
960 2075 1258 2135 inferioris
1283 2077 1589 2136 exercitus
1620 2077 1801 2135 electi
1832 2097 1972 2135 cum
2001 2076 2205 2156 aquila
2228 2077 2399 2156 quin-

457 2205 460 2210 ·
497 2182 598 2231 tae
628 2172 887 2251 legionis
917 2183 980 2260 et
1009 2173 1364 2232 cohortibus
1397 2174 1649 2252 alisque,
1681 2174 1759 2232 ad
1790 2174 2199 2254 quadraginta
2225 2174 2399 2233 milia

498 2279 872 2328 armatorum
915 2270 1100 2343 data3
1157 2271 1418 2349 triginta
1458 2271 1628 2330 milia
1672 2271 1938 2331 Caecina
1993 2291 2027 2330 e
2083 2271 2396 2354 superiore

499 2365 830 2426 Germania
859 2367 1141 2440 ducebat,
1179 2388 1441 2447 quorum
1483 2368 1669 2426 robur
1713 2368 1874 2446 legio
1917 2349 2398 2427 uiiaetvicesinia

391 2476 451 2521 10
493 2462 650 2522 fuit:
709 2464 923 2523 addita
981 2465 1222 2543 utrique
1283 2465 1735 2524 Germanorum
1794 2464 2037 2537 auxilia,
2082 2482 2115 2522 e
2173 2463 2395 2542 quibus

499 2560 791 2620 Vitellius
821 2581 959 2621 suas
989 2582 1232 2642 quoque
1264 2562 1472 2641 copias
1508 2560 1840 2640 supplevit,
1871 2569 2006 2619 tota
2044 2560 2206 2619 mole
2248 2559 2397 2619 belli

497 2669 836 2719 secuturus,

578 2756 674 2814 62.
729 2755 892 2814 Mira
913 2756 1077 2814 inter
1101 2755 1438 2815 exercitum
1462 2754 2015 2834 imperatoremque
2034 2752 2394 2812 diversitas:

492 2851 725 2911 instare
755 2853 942 2924 mileS‚
969 2872 1135 2910 arma
1164 2873 1432 2931 poscere,
1455 2854 1604 2911 dum
1628 2851 1863 2911 Galliae
1890 2850 2223 2930 trepident,
2243 2850 2396 2909 dum

495 2948 832 3028 Hispaniae
863 2958 1264 3008 cunctentur:
1308 2969 1431 3009 non
1474 2950 1718 3009 obstare
1760 2948 2026 3007 hiemem
2068 2965 2266 3026 neque
2309 2946 2397 3026 ig-

494 3066 691 3105 navae
734 3045 899 3125 pacis
941 3064 1181 3117 moras3
1224 3045 1638 3105 invadendam
1678 3045 1942 3118 Italiam,
1972 3043 2396 3122 occupandam

389 3156 420 3199 5
498 3143 711 3202 urbem
733 3128 768 3217 3⁸
792 3144 940 3203 nihil
974 3143 1034 3201 in
1067 3142 1390 3202 discordiis
1420 3143 1702 3202 civilibus
1744 3141 2137 3202 festinatione
2179 3140 2393 3213 tutius,

497 3239 599 3299 ubi
642 3241 803 3300 facto
843 3240 1037 3318 magis
1067 3259 1250 3318 quam
1294 3241 1575 3298 consulto
1620 3261 1773 3319 opus
1816 3249 1993 3299 esset.
2078 3236 2396 3315 Torpebat

496 3334 789 3395 Vitellius
812 3346 875 3396 et
901 3337 1209 3394 fortunam
1233 3335 1613 3415 principatus
1641 3336 1823 3395 inerti
1855 3338 2003 3395 luxu
2028 3356 2099 3394 ac
2121 3333 2396 3414 prodigis

498 3432 693 3509 epulis
738 3433 1179 3510 praesumebat,
1222 3433 1429 3491 medio
1472 3434 1593 3492 diei
1651 3434 2029 3492 temulentus
2073 3441 2136 3491 et
2180 3431 2397 3509 sagina

499 3526 722 3604 gravis,
768 3549 906 3586 cum
954 3540 1158 3587 tamen
1214 3530 1395 3589 ardor
1434 3539 1497 3588 et
1539 3529 1633 3587 vis
1689 3529 1955 3587 militum
2003 3530 2170 3589 ultro
2220 3526 2396 3587 ducis
