2738 4048
389 263 517 328 132
968 277 1357 324 EXGERPTA
1402 275 1830 323 TAorrlANA.

315 426 320 429 ’
387 451 444 494 10
486 435 865 513 spectabant.
950 436 1316 511 Irrumpunt
1346 432 1673 493 Vitelliani
1715 441 1779 492 et
1821 441 2046 493 cuncta
2085 435 2390 514 sanguine

386 932 448 978 15

383 1417 447 1463 20

382 2675 441 2721 10

383 3158 443 3202 15

492 533 653 590 ferro
693 531 1076 610 flammisque
1118 532 1402 589 miscent.
1486 529 1680 589 Pauci
1708 529 2071 589 militarium
2102 531 2401 608 virorum,

491 628 657 687 inter
686 647 838 705 quos
866 628 1134 685 maxime
1176 628 1450 706 insignes
1483 626 1805 685 Cornelius
1834 627 2159 702 MartiaIiS,
2189 631 2402 689 Aemi-

492 725 612 783 lius
641 723 950 796 PacensiS,
984 724 1309 802 Casperius
1338 724 1556 801 Niger,
1588 723 1812 782 Didius
1844 723 2095 796 Scaeva,
2124 746 2400 804 pugnam

493 820 624 879 ausi
668 820 1131 879 obtruncantur.
1215 808 1504 878 Flavium
1536 819 1833 879 Sabinum
1866 820 2167 879 inermem
2195 842 2399 901 neque

489 917 705 993 fugam·
732 926 1123 994 coeptantem
1154 916 1633 989 circumsistunt,
1658 925 1721 975 et
1752 916 2078 988 Quintium
2109 919 2397 979 Atticum

494 1013 832 1084 consulem,
863 1013 1082 1071 umbra
1122 1012 1376 1071 honoris
1407 1021 1470 1070 et
1501 1010 1741 1071 suam‘et
1772 1014 2048 1073 vanitate
2098 1024 2400 1074 monstra-

491 1118 648 1181 tum,
680 1108 846 1187 quod
889 1109 1096 1168 edicta
1136 1109 1200 1167 in
1243 1108 1544 1187 populum
1585 1129 1700 1187 pro
1729 1109 2118 1188 Vespasiano
2160 1110 2393 1190 magni-

489 1205 625 1278 fica,
653 1207 952 1284 probrosa
994 1206 1289 1264 adversus
1321 1205 1652 1264 Vitellium
1691 1207 1947 1285 jecerat.
2032 1207 2242 1267 Ceteri
2284 1226 2397 1285 per

490 1306 697 1365 varios
754 1326 929 1365 casus
984 1306 1193 1383 elapsi,
1242 1305 1496 1384 quidam
1551 1305 1762 1363 servili
1819 1305 2055 1378 habitu,
2113 1306 2216 1365 alii
2270 1307 2395 1366 fide

488 1402 807 1462 clientium
851 1401 1144 1474 contecti,
1176 1410 1239 1471 et
1281 1400 1447 1459 inter
1490 1402 1757 1461 sarcinas
1801 1402 2033 1461 abditi:
2076 1402 2245 1462 fiaere
2288 1403 2395 1482 qui

492 1509 752 1578 excepto
783 1499 1268 1558 Vitellianorum
1297 1497 1493 1576 signO,
1523 1518 1645 1576 quo
1675 1498 1839 1557 inter
1868 1518 1932 1557 se
1963 1499 2393 1572 noscebantur,

490 1594 654 1652 ultro
684 1594 1028 1673 rogitantes
1058 1592 1589 1672 respondentesve
1632 1592 1955 1652 audaciam
1998 1612 2110 1672 pro
2136 1593 2394 1653 latebra

490 1691 809 1750 haberent.

572 1788 667 1846 74.
736 1787 1136 1846 Domitianus
1192 1786 1397 1865 prima
1450 1786 1795 1866 irruptione
1854 1787 2018 1866 apud
2073 1787 2392 1847 aedituum

491 1885 857 1957 occultatus,
888 1884 1163 1943 sollertia
1201 1884 1411 1944 liberti
1440 1883 1603 1943 lineo
1634 1885 1863 1944 amictu
1892 1885 2108 1944 turbae
2138 1886 2394 1945 sacrico-

490 1981 687 2040 larum
710 1981 1028 2041 immixtus
1059 1982 1514 2061 ignoratusque,
1540 1982 1704 2061 apud
1730 1982 2087 2044 Cornelium
2112 1982 2394 2043 Primum

489 2088 817 2157 paternum
840 2079 1126 2137 clientem
1139 2080 1324 2156 juxta
1343 2080 1688 2139 Velabrum
1709 2079 1988 2140 delituit:
2019 2100 2088 2140 ac
2111 2082 2393 2159 potiente

491 2194 696 2233 rerum
732 2184 948 2253 patre,
991 2174 1256 2253 disjecto
1314 2176 1551 2235 aeditui
1607 2177 2032 2250 contubernio,
2077 2177 2393 2236 modicum
2482 2254 2501 2262 Ο

490 2270 779 2329 sacellum
807 2270 851 2329 J
854 2270 957 2329 ovi
988 2270 1427 2331 Conservatori
1458 2292 1749 2353 aramque
1779 2274 1987 2352 posuit
2029 2293 2204 2333 casus
2247 2293 2391 2333 suos

488 2367 552 2426 in
595 2386 896 2426 marmore
939 2387 1325 2447 expressam3
1376 2390 1522 2428 mox
1564 2370 1894 2450 imperium
1935 2370 2198 2449 adeptus
2239 2370 2283 2429 J
2287 2371 2391 2429 ovi

491 2465 753 2525 Custodi
800 2466 1102 2544 templum
1149 2466 1365 2545 ingens
1416 2487 1602 2546 seque
1653 2469 1715 2525 in
1767 2468 1902 2526 sinu
1953 2467 2057 2526 dei
2106 2467 2391 2527 sacravit.

491 2564 754 2624 Sabinus
805 2573 869 2623 et
913 2564 1167 2623 Atticus
1226 2564 1468 2623 onerati
1516 2565 1751 2623 catenis
1807 2574 1873 2623 et
1926 2564 2005 2623 ad
2055 2563 2388 2623 Vitellium

485 2662 655 2720 ducti
684 2681 1069 2740 nequaquam
1097 2661 1324 2721 infesto
1348 2680 1630 2720 sermone
1656 2662 1956 2740 vult-uque
1981 2660 2389 2739 excipiuntur,

487 2757 896 2817 frementibus
926 2757 1032 2836 qui
1064 2756 1168 2835 jus
1212 2757 1420 2817 caedis
1450 2767 1512 2817 et
1542 2758 1816 2836 praemia
1856 2767 2123 2816 navatae
2166 2775 2391 2834 operae

486 2855 820 2935 petebant:
863 2855 1128 2913 clamore
1159 2874 1200 2912 a
1229 2854 1530 2932 proximis
1559 2865 1697 2913 orto
1728 2854 1981 2913 sordida
2009 2873 2149 2931 pars
2192 2853 2391 2930 plebis

487 2952 856 3031 supplicium
889 2949 1102 3010 Sabini
1132 2952 1429 3029 exposcit,
1461 2952 1659 3009 minas
1702 2950 2211 3028 adulationesque
2252 2949 2392 3007 mis-

488 3059 605 3107 cet.
693 3049 975 3108 Stantem
1006 3067 1118 3125 pro
1145 3048 1441 3125 gradibus
1468 3047 1693 3106 Palatii
1723 3045 2051 3105 Vitellium
2084 3055 2147 3103 et
2176 3037 2414 3122 preces'

488 3155 806 3221 parantem
836 3143 1153 3223 pervicere
1178 3153 1248 3202 ut
1271 3143 1630 3202 absisteret:
1663 3153 1795 3201 tum
1825 3141 2180 3200 confossum
2211 3139 2392 3199 colla-

488 3251 901 3321 ceratumque,
932 3252 996 3300 et
1038 3240 1272 3299 absciso
1315 3239 1537 3316 capite,
1577 3248 1867 3297 truncum
1902 3256 2130 3315 ,corpus
2176 3236 2391 3297 Sabini

487 3335 552 3394 in
583 3337 915 3396 Gemonias
943 3338 1221 3396 trahunt.

572 3433 665 3491 78.
726 3435 888 3491 Dum
919 3433 1072 3491 haec
1113 3432 1176 3489 in
1219 3430 1499 3508 partibus
1528 3429 1772 3490 Vitellii
1814 3438 2131 3508 geruntur,
2164 3427 2393 3507 digres-

489 3546 591 3587 sus
639 3527 876 3585 Narnia
916 3525 1307 3605 Vespasiani.
1341 3527 1652 3586 exercitus
1706 3527 1896 3586 festos
1955 3526 2211 3586 Saturni
2257 3527 2390 3586 dies
