2738 4048
742 259 1147 308 ANNALIUM
1189 261 1411 307 LIBER
1451 258 1817 318 QUARTUS.

388 420 446 480 6.
516 418 794 479 Gnarum
835 419 901 478 id
945 418 1198 478 Tiberio
1238 417 1362 477 fuit
1383 437 1400 492 3
1448 426 1639 497 utque
1682 424 1995 496 premeret
2036 417 2209 495 vulgi

307 535 640 589 sermones,
659 515 902 600 monuit
932 515 1139 574 edicto
1168 516 1398 573 multos
1427 514 1761 573 illustrium
1785 513 2211 572 Romanorum

307 612 387 671 ob
434 613 880 691 rempublicam
924 612 1144 685 obisse,
1190 611 1506 669 neminem
1547 620 1678 670 tam
1719 610 2009 690 flagranti
2049 610 2210 669 desi-

306 709 481 768 derio
525 710 942 782 celebratum3
983 709 1171 787 idque
1215 717 1279 767 et
1320 708 1438 767 sibi
1480 716 1543 766 et
1585 707 1826 767 cunctis
1868 707 2208 786 egregium,

306 805 359 866 si
388 806 608 865 modus
637 806 1037 885 adjiceretur.
1106 804 1255 864 Non
1284 805 1451 863 enim
1480 805 1697 864 eadem
1727 804 1954 864 decora
1981 804 2207 883 princi-

306 902 488 982 pibus
508 902 659 962 viris
689 912 753 962 et
781 902 1144 981 imperatori
1173 902 1421 980 populo,
1447 922 1602 980 quae
1631 901 1893 961 modicis
1920 902 2206 961 domibus

308 1009 417 1059 aut
456 999 834 1058 civitatibus.
921 998 1297 1058 Convenisse
1340 999 1579 1058 recenti
1622 998 1822 1057 dolori
1863 998 2102 1057 luctum
2144 1007 2209 1059 et

308 1116 385 1155 ex
426 1114 707 1154 maerore
749 1095 1015 1168 solacia3
1056 1095 1168 1153 sed
1207 1094 1614 1153 referendum
1645 1095 1781 1172 jam
1821 1094 2097 1154 animum
2128 1095 2208 1153 ad

306 1192 774 1264 firmitudinem,
817 1200 887 1250 ut
930 1192 1243 1270 quondam
1285 1191 1467 1250 divus
1507 1190 1712 1250 Julius
1762 1191 1985 1250 amissa
2026 1191 2209 1250 unica

306 1290 454 1362 filia,
483 1298 556 1348 ut
585 1288 767 1348 divus
795 1288 1120 1367 Augustus
1151 1288 1381 1366 ereptis
1423 1288 1755 1366 nepotibus
1798 1288 2209 1347 abstruserint

307 1386 644 1447 tristitiam.
726 1385 839 1446 Nil
884 1405 1038 1464 opus
1079 1384 1526 1444 vetustioribus
1568 1384 1891 1463 exemplis,
1921 1384 2208 1463 quotiens

307 1488 570 1566 populus
592 1486 912 1545 Romanus
942 1485 1147 1544 clades
1177 1484 1582 1556 exercituum,
1604 1484 1928 1559 interitum
1959 1484 2207 1557 ducum,

306 1583 590 1643 funditus
645 1583 896 1642 amissas
950 1582 1190 1642 nobiles
1244 1581 1511 1640 familias
1562 1589 1920 1640 constanter
1974 1582 2206 1640 tulerit.

306 1679 632 1758 Principes
653 1680 965 1752 mortales,
987 1679 1433 1761 rempublicam
1451 1688 1765 1738 aeternam
1789 1698 1937 1737 esse.
2013 1677 2228 1737 Proin·

305 1786 658 1856 repeterent
713 1777 1055 1850 sollemnia,
1112 1786 1177 1836 et
1234 1776 1382 1856 quia
1449 1775 1739 1835 ludorum
1798 1775 2210 1855 Megalesium

307 1875 729 1953 spectaculum
757 1875 1026 1948 suberat,
1056 1874 1630 1952 etiam.voluptates
1658 1881 2056 1934 resumerent.

613 2462 1127 2530 ANNALIUM
1190 2463 1477 2529 LIBER
1540 2462 2015 2544 QUARTUS.

390 2665 446 2723 1.
518 2664 588 2725 O.
629 2664 852 2725 Asinio
893 2664 961 2725 O.
993 2664 1275 2726 Antistio
1319 2664 1691 2737 consulibus,
1721 2683 1919 2723 nonus
1952 2660 2206 2721 Tiberio

306 2778 505 2820 annus
559 2771 692 2821 erat
761 2762 1139 2840 compositae
1206 2761 1598 2841 reipublicae,
1652 2760 1931 2820 florentis
1987 2759 2207 2818 domus

313 2860 487 2933 (nam
518 2856 867 2917 Germanici
897 2867 1162 2917 mortem
1191 2858 1356 2917 inter
1383 2877 1681 2937 prospera
1709 2858 2031 2934 ducebat),
2062 2875 2204 2915 cum

303 2963 564 3032 repente
594 2955 844 3014 turbare
873 2955 1129 3014 fortuna
1158 2955 1385 3034 coepit,
1416 2955 1653 3015 saevire
1694 2954 1824 3032 ipse
1867 2963 1975 3013 aut
2016 2951 2207 3013 saevi-

306 3050 553 3110 entibus
582 3051 746 3110 vires
773 3051 1087 3130 praebere.
1143 3051 1403 3111 Initium
1431 3060 1496 3111 et
1525 3070 1708 3111 causa
1734 3069 1924 3129 penes
1952 3049 2206 3108 Aelium

309 3146 604 3224 Sejanum
659 3147 1014 3208 cohortibus
1062 3148 1387 3227 praetoriis
1442 3148 1847 3227 praefectum,
1896 3147 2075 3225 cujus
2125 3145 2204 3203 de

304 3245 591 3321 potentia
637 3265 823 3324 supra
866 3245 1245 3305 memoravi:
1301 3265 1466 3304 nunc
1512 3244 1832 3323 originem,
1874 3262 2096 3315 moreS,
2138 3250 2205 3301 et

306 3361 431 3420 quo
485 3341 759 3401 facinore
810 3342 1304 3402 dominationem
1351 3351 1600 3420 raptum
1647 3340 1809 3413 ierit,
1854 3339 2204 3418 expediam.

304 3437 569 3497 Genitus
597 3437 901 3498 Vulsiniis
929 3448 1105 3517 patre
1138 3438 1283 3498 Seio
1314 3438 1618 3498 Strabone
1661 3435 1870 3515 equite
1899 3435 2204 3508 Roman0‚

301 3543 368 3594 et
408 3535 611 3613 prima
648 3536 915 3616 juventa
944 3535 1164 3595 Caium
1195 3535 1523 3596 Caesarem
1550 3532 1684 3594 divi
1712 3532 1989 3613 Augusti
2025 3551 2209 3612 nepo-

2232 243 2316 307 69

2252 1302 2314 1347 10

2253 1789 2314 1835 15

2250 3543 2311 3589 10
