<?xml version="1.0" encoding="UTF-8"?>
<!DOCTYPE html PUBLIC "-//W3C//DTD XHTML 1.0 Transitional//EN"
    "http://www.w3.org/TR/xhtml1/DTD/xhtml1-transitional.dtd">
<html xmlns="http://www.w3.org/1999/xhtml" xml:lang="en" lang="en">
 <head>
  <title>
</title>
<meta http-equiv="Content-Type" content="text/html;charset=utf-8" />
  <meta name='ocr-system' content='tesseract 3.04.00' />
  <meta name='ocr-capabilities' content='ocr_page ocr_carea ocr_par ocr_line ocrx_word'/>
</head>
<body>
  <div class='ocr_page' id='page_1' title='image "./excerptatacitia00chamgoog_0122.png"; bbox 0 0 2738 4048; ppageno 0'>
   <div class='ocr_carea' id='block_1_1' title="bbox 400 238 1835 303">
    <p class='ocr_par' dir='ltr' id='par_1_1' title="bbox 400 238 1835 303">
     <span class='ocr_line' id='line_1_1' title="bbox 400 238 1835 303; baseline 0 0"><span class='ocrx_word' id='word_1_1' title='bbox 400 238 483 303; x_wconf 86' lang='lat'><strong>90</strong></span> <span class='ocrx_word' id='word_1_2' title='bbox 963 254 1361 303; x_wconf 74' lang='grc' dir='ltr'><strong>ΕΧΟΕΒΡΤΑ</strong></span> <span class='ocrx_word' id='word_1_3' title='bbox 1405 253 1835 303; x_wconf 73' lang='grc' dir='ltr'><strong>ΤΑοΙΤῙΑΝΑ.</strong></span> 
     </span>
    </p>
   </div>
   <div class='ocr_carea' id='block_1_2' title="bbox 396 411 2408 3600">
    <p class='ocr_par' dir='ltr' id='par_1_2' title="bbox 502 411 2405 783">
     <span class='ocr_line' id='line_1_2' title="bbox 503 411 2405 492; baseline 0 -21"><span class='ocrx_word' id='word_1_4' title='bbox 503 411 696 472; x_wconf 88' lang='lat' dir='ltr'><strong>teritu</strong></span> <span class='ocrx_word' id='word_1_5' title='bbox 725 411 979 485; x_wconf 85' lang='lat' dir='ltr'>Galbae,</span> <span class='ocrx_word' id='word_1_6' title='bbox 1010 422 1075 472; x_wconf 92' lang='lat' dir='ltr'><strong>et</strong></span> <span class='ocrx_word' id='word_1_7' title='bbox 1110 412 1371 472; x_wconf 90' lang='lat' dir='ltr'><strong>aderant</strong></span> <span class='ocrx_word' id='word_1_8' title='bbox 1412 412 1520 492; x_wconf 92' lang='lat' dir='ltr'><strong>qui</strong></span> <span class='ocrx_word' id='word_1_9' title='bbox 1561 432 1733 472; x_wconf 91' lang='lat' dir='ltr'><strong>arma</strong></span> <span class='ocrx_word' id='word_1_10' title='bbox 1759 411 2008 473; x_wconf 88' lang='lat' dir='ltr'><strong>Vitellii</strong></span> <span class='ocrx_word' id='word_1_11' title='bbox 2046 411 2405 492; x_wconf 85' lang='lat' dir='ltr'><strong>bellumque</strong></span> 
     </span>
     <span class='ocr_line' id='line_1_3' title="bbox 506 509 2405 588; baseline 0 -20"><span class='ocrx_word' id='word_1_12' title='bbox 506 510 897 583; x_wconf 88' lang='lat' dir='ltr'><strong>affirmarent,</strong></span> <span class='ocrx_word' id='word_1_13' title='bbox 927 509 1145 569; x_wconf 81' lang='lat' dir='ltr'><strong>anxius</strong></span> <span class='ocrx_word' id='word_1_14' title='bbox 1188 510 1415 582; x_wconf 91' lang='lat' dir='ltr'><strong>anim0,</strong></span> <span class='ocrx_word' id='word_1_15' title='bbox 1449 510 1663 588; x_wconf 82' lang='lat' dir='ltr'>paucis</span> <span class='ocrx_word' id='word_1_16' title='bbox 1706 510 2045 569; x_wconf 90' lang='lat' dir='ltr'><strong>amicorum</strong></span> <span class='ocrx_word' id='word_1_17' title='bbox 2087 510 2405 583; x_wconf 74' lang='lat' dir='ltr'><strong>adhibitis,</strong></span> 
     </span>
     <span class='ocr_line' id='line_1_4' title="bbox 505 599 2403 685; baseline -0.001 -19"><span class='ocrx_word' id='word_1_18' title='bbox 505 617 730 666; x_wconf 88' lang='lat' dir='ltr'><strong>cuncta</strong></span> <span class='ocrx_word' id='word_1_19' title='bbox 783 607 1094 685; x_wconf 83' lang='lat' dir='ltr'><strong>utrimque</strong></span> <span class='ocrx_word' id='word_1_20' title='bbox 1150 607 1521 684; x_wconf 80' lang='lat' dir='ltr'><strong>perlustrat:</strong></span> <span class='ocrx_word' id='word_1_21' title='bbox 1591 607 1641 666; x_wconf 92' lang='lat' dir='ltr'><strong>si</strong></span> <span class='ocrx_word' id='word_1_22' title='bbox 1697 618 1987 685; x_wconf 85' lang='lat' dir='ltr'><strong>pergeret</strong></span> <span class='ocrx_word' id='word_1_23' title='bbox 2042 607 2108 665; x_wconf 93' lang='lat' dir='ltr'><strong>in</strong></span> <span class='ocrx_word' id='word_1_24' title='bbox 2165 599 2403 679; x_wconf 83' lang='lat' dir='ltr'><strong>urbem,</strong></span> 
     </span>
     <span class='ocr_line' id='line_1_5' title="bbox 502 702 2405 783; baseline 0 -21"><span class='ocrx_word' id='word_1_25' title='bbox 502 705 739 762; x_wconf 89' lang='lat' dir='ltr'><strong>nullam</strong></span> <span class='ocrx_word' id='word_1_26' title='bbox 769 704 951 762; x_wconf 89' lang='lat' dir='ltr'><strong>officii</strong></span> <span class='ocrx_word' id='word_1_27' title='bbox 979 704 1247 781; x_wconf 84' lang='lat' dir='ltr'><strong>gratiam</strong></span> <span class='ocrx_word' id='word_1_28' title='bbox 1275 704 1339 762; x_wconf 93' lang='lat' dir='ltr'><strong>in</strong></span> <span class='ocrx_word' id='word_1_29' title='bbox 1372 703 1626 764; x_wconf 87' lang='lat' dir='ltr'><strong>alterius</strong></span> <span class='ocrx_word' id='word_1_30' title='bbox 1666 704 1968 763; x_wconf 91' lang='lat' dir='ltr'><strong>honorem</strong></span> <span class='ocrx_word' id='word_1_31' title='bbox 2009 702 2301 783; x_wconf 89' lang='lat' dir='ltr'><strong>suscepti,</strong></span> <span class='ocrx_word' id='word_1_32' title='bbox 2332 722 2405 762; x_wconf 93' lang='lat' dir='ltr'><strong>ac</strong></span> 
     </span>
    </p>

    <p class='ocr_par' dir='ltr' id='par_1_3' title="bbox 396 799 2408 1265">
     <span class='ocr_line' id='line_1_6' title="bbox 396 799 2404 872; baseline -0.001 -11"><span class='ocrx_word' id='word_1_33' title='bbox 396 816 458 861; x_wconf 86' lang='lat'><strong>20</strong></span> <span class='ocrx_word' id='word_1_34' title='bbox 500 820 563 860; x_wconf 88' lang='lat' dir='ltr'><strong>se</strong></span> <span class='ocrx_word' id='word_1_35' title='bbox 621 799 883 859; x_wconf 88' lang='lat' dir='ltr'><strong>Vitellio</strong></span> <span class='ocrx_word' id='word_1_36' title='bbox 939 799 1068 859; x_wconf 90' lang='lat' dir='ltr'><strong>sive</strong></span> <span class='ocrx_word' id='word_1_37' title='bbox 1126 800 1364 859; x_wconf 86' lang='lat' dir='ltr'><strong>Othoni</strong></span> <span class='ocrx_word' id='word_1_38' title='bbox 1420 800 1704 859; x_wconf 88' lang='lat' dir='ltr'><strong>obsidem</strong></span> <span class='ocrx_word' id='word_1_39' title='bbox 1756 800 1929 859; x_wconf 77' lang='lat' dir='ltr'><strong>fore:</strong></span> <span class='ocrx_word' id='word_1_40' title='bbox 1997 800 2093 859; x_wconf 91' lang='lat' dir='ltr'><strong>sin</strong></span> <span class='ocrx_word' id='word_1_41' title='bbox 2149 799 2404 872; x_wconf 87' lang='lat' dir='ltr'><strong>rediret,</strong></span> 
     </span>
     <span class='ocr_line' id='line_1_7' title="bbox 504 896 2405 970; baseline -0.001 -14"><span class='ocrx_word' id='word_1_42' title='bbox 504 898 803 956; x_wconf 87' lang='lat' dir='ltr'><strong>offensam</strong></span> <span class='ocrx_word' id='word_1_43' title='bbox 857 897 1025 955; x_wconf 88' lang='lat' dir='ltr'><strong>haud</strong></span> <span class='ocrx_word' id='word_1_44' title='bbox 1068 897 1320 956; x_wconf 91' lang='lat' dir='ltr'><strong>dubiam</strong></span> <span class='ocrx_word' id='word_1_45' title='bbox 1359 897 1638 970; x_wconf 80' lang='lat' dir='ltr'><strong>victoriS,</strong></span> <span class='ocrx_word' id='word_1_46' title='bbox 1681 897 1792 956; x_wconf 91' lang='lat' dir='ltr'><strong>sed</strong></span> <span class='ocrx_word' id='word_1_47' title='bbox 1846 896 2151 956; x_wconf 86' lang='lat' dir='ltr'><strong>incertam</strong></span> <span class='ocrx_word' id='word_1_48' title='bbox 2201 896 2405 955; x_wconf 90' lang='lat' dir='ltr'><strong>adhuc</strong></span> 
     </span>
     <span class='ocr_line' id='line_1_8' title="bbox 503 992 2408 1072; baseline -0.001 -21"><span class='ocrx_word' id='word_1_49' title='bbox 503 992 833 1051; x_wconf 74' lang='lat' dir='ltr'><strong>victoriam</strong></span> <span class='ocrx_word' id='word_1_50' title='bbox 862 1002 927 1051; x_wconf 89' lang='lat' dir='ltr'><strong>et</strong></span> <span class='ocrx_word' id='word_1_51' title='bbox 955 994 1336 1059; x_wconf 83' lang='lat' dir='ltr'><strong>concedente</strong></span> <span class='ocrx_word' id='word_1_52' title='bbox 1364 992 1430 1051; x_wconf 90' lang='lat' dir='ltr'><strong>in</strong></span> <span class='ocrx_word' id='word_1_53' title='bbox 1458 1002 1666 1072; x_wconf 86' lang='lat' dir='ltr'><strong>partes</strong></span> <span class='ocrx_word' id='word_1_54' title='bbox 1698 1003 1876 1072; x_wconf 90' lang='lat' dir='ltr'><strong>patre</strong></span> <span class='ocrx_word' id='word_1_55' title='bbox 1916 994 2114 1053; x_wconf 90' lang='lat' dir='ltr'><strong>filium</strong></span> <span class='ocrx_word' id='word_1_56' title='bbox 2156 1012 2408 1053; x_wconf 83' lang='lat' dir='ltr'><strong>excusa-</strong></span> 
     </span>
     <span class='ocr_line' id='line_1_9' title="bbox 504 1088 2407 1170; baseline -0.001 -20"><span class='ocrx_word' id='word_1_57' title='bbox 504 1099 661 1150; x_wconf 87' lang='lat' dir='ltr'><strong>tum.</strong></span> <span class='ocrx_word' id='word_1_58' title='bbox 747 1089 858 1149; x_wconf 86' lang='lat' dir='ltr'><strong>Sin</strong></span> <span class='ocrx_word' id='word_1_59' title='bbox 900 1089 1321 1168; x_wconf 82' lang='lat' dir='ltr'><strong>Vespasianus</strong></span> <span class='ocrx_word' id='word_1_60' title='bbox 1361 1089 1808 1169; x_wconf 82' lang='lat' dir='ltr'><strong>rempublicam</strong></span> <span class='ocrx_word' id='word_1_61' title='bbox 1857 1090 2215 1170; x_wconf 86' lang='lat' dir='ltr'><strong>susciperet,</strong></span> <span class='ocrx_word' id='word_1_62' title='bbox 2255 1088 2407 1150; x_wconf 90' lang='lat' dir='ltr'><strong>obli-</strong></span> 
     </span>
     <span class='ocr_line' id='line_1_10' title="bbox 504 1184 2003 1265; baseline -0.001 -18"><span class='ocrx_word' id='word_1_63' title='bbox 504 1186 867 1248; x_wconf 87' lang='lat' dir='ltr'><strong>viscendum</strong></span> <span class='ocrx_word' id='word_1_64' title='bbox 897 1184 1271 1245; x_wconf 82' lang='lat' dir='ltr'><strong>offensarum</strong></span> <span class='ocrx_word' id='word_1_65' title='bbox 1301 1186 1381 1246; x_wconf 90' lang='lat' dir='ltr'><strong>de</strong></span> <span class='ocrx_word' id='word_1_66' title='bbox 1407 1187 1572 1245; x_wconf 94' lang='lat' dir='ltr'><strong>bello</strong></span> <span class='ocrx_word' id='word_1_67' title='bbox 1603 1187 2003 1265; x_wconf 86' lang='lat' dir='ltr'><strong>agitantibus.</strong></span> 
     </span>
    </p>

    <p class='ocr_par' dir='ltr' id='par_1_4' title="bbox 504 1282 2407 1655">
     <span class='ocr_line' id='line_1_11' title="bbox 587 1282 2405 1363; baseline -0.001 -20"><span class='ocrx_word' id='word_1_68' title='bbox 587 1287 643 1343; x_wconf 86' lang='lat'><strong>2.</strong></span> <span class='ocrx_word' id='word_1_69' title='bbox 714 1283 833 1342; x_wconf 92' lang='lat' dir='ltr'><strong>His</strong></span> <span class='ocrx_word' id='word_1_70' title='bbox 874 1302 945 1342; x_wconf 91' lang='lat' dir='ltr'><strong>ac</strong></span> <span class='ocrx_word' id='word_1_71' title='bbox 987 1283 1215 1342; x_wconf 91' lang='lat' dir='ltr'><strong>talibus</strong></span> <span class='ocrx_word' id='word_1_72' title='bbox 1255 1282 1422 1342; x_wconf 90' lang='lat' dir='ltr'><strong>inter</strong></span> <span class='ocrx_word' id='word_1_73' title='bbox 1468 1302 1639 1362; x_wconf 88' lang='lat' dir='ltr'><strong>spem</strong></span> <span class='ocrx_word' id='word_1_74' title='bbox 1687 1293 2046 1363; x_wconf 87' lang='lat' dir='ltr'><strong>metumque</strong></span> <span class='ocrx_word' id='word_1_75' title='bbox 2092 1283 2405 1361; x_wconf 89' lang='lat' dir='ltr'><strong>jactatum</strong></span> 
     </span>
     <span class='ocr_line' id='line_1_12' title="bbox 507 1380 2403 1460; baseline -0.001 -18"><span class='ocrx_word' id='word_1_76' title='bbox 507 1402 645 1460; x_wconf 90' lang='lat' dir='ltr'><strong>spes</strong></span> <span class='ocrx_word' id='word_1_77' title='bbox 673 1381 843 1440; x_wconf 90' lang='lat' dir='ltr'><strong>vicit.</strong></span> <span class='ocrx_word' id='word_1_78' title='bbox 927 1380 1210 1439; x_wconf 91' lang='lat' dir='ltr'><strong>Fuerunt</strong></span> <span class='ocrx_word' id='word_1_79' title='bbox 1240 1380 1342 1459; x_wconf 92' lang='lat' dir='ltr'><strong>qui</strong></span> <span class='ocrx_word' id='word_1_80' title='bbox 1375 1399 1699 1439; x_wconf 88' lang='lat' dir='ltr'><strong>accensum</strong></span> <span class='ocrx_word' id='word_1_81' title='bbox 1730 1380 2039 1440; x_wconf 88' lang='lat' dir='ltr'><strong>desiderio</strong></span> <span class='ocrx_word' id='word_1_82' title='bbox 2069 1380 2403 1440; x_wconf 82' lang='lat' dir='ltr'><strong>Berenices</strong></span> 
     </span>
     <span class='ocr_line' id='line_1_13' title="bbox 504 1477 2407 1559; baseline -0.002 -20"><span class='ocrx_word' id='word_1_83' title='bbox 504 1479 754 1559; x_wconf 90' lang='lat' dir='ltr'><strong>reginae</strong></span> <span class='ocrx_word' id='word_1_84' title='bbox 797 1477 1057 1537; x_wconf 87' lang='lat' dir='ltr'><strong>vertisse</strong></span> <span class='ocrx_word' id='word_1_85' title='bbox 1098 1477 1219 1536; x_wconf 90' lang='lat' dir='ltr'><strong>iter</strong></span> <span class='ocrx_word' id='word_1_86' title='bbox 1261 1477 1623 1552; x_wconf 83' lang='lat' dir='ltr'><strong>crederent3</strong></span> <span class='ocrx_word' id='word_1_87' title='bbox 1677 1497 1882 1557; x_wconf 90' lang='lat' dir='ltr'><strong>neque</strong></span> <span class='ocrx_word' id='word_1_88' title='bbox 1937 1478 2310 1537; x_wconf 84' lang='lat' dir='ltr'><strong>abhorrebat</strong></span> <span class='ocrx_word' id='word_1_89' title='bbox 2367 1496 2407 1536; x_wconf 91' lang='lat' dir='ltr'><strong>a</strong></span> 
     </span>
     <span class='ocr_line' id='line_1_14' title="bbox 505 1573 2406 1655; baseline -0.002 -19"><span class='ocrx_word' id='word_1_90' title='bbox 505 1574 808 1636; x_wconf 90' lang='lat' dir='ltr'><strong>Berenice</strong></span> <span class='ocrx_word' id='word_1_91' title='bbox 849 1573 1145 1655; x_wconf 87' lang='lat' dir='ltr'><strong>juvenilis</strong></span> <span class='ocrx_word' id='word_1_92' title='bbox 1189 1574 1450 1647; x_wconf 90' lang='lat' dir='ltr'><strong>animus,</strong></span> <span class='ocrx_word' id='word_1_93' title='bbox 1480 1575 1590 1633; x_wconf 91' lang='lat' dir='ltr'><strong>sed</strong></span> <span class='ocrx_word' id='word_1_94' title='bbox 1617 1574 1906 1653; x_wconf 86' lang='lat' dir='ltr'><strong>gerendis</strong></span> <span class='ocrx_word' id='word_1_95' title='bbox 1934 1575 2118 1634; x_wconf 89' lang='lat' dir='ltr'><strong>rebus</strong></span> <span class='ocrx_word' id='word_1_96' title='bbox 2160 1575 2406 1633; x_wconf 91' lang='lat' dir='ltr'><strong>nullum</strong></span> 
     </span>
    </p>

    <p class='ocr_par' dir='ltr' id='par_1_5' title="bbox 400 1671 2407 2140">
     <span class='ocr_line' id='line_1_15' title="bbox 400 1671 2407 1753; baseline -0.002 -18"><span class='ocrx_word' id='word_1_97' title='bbox 400 1688 432 1735; x_wconf 82' lang='grc' dir='ltr'><strong>δ</strong></span> <span class='ocrx_word' id='word_1_98' title='bbox 507 1693 584 1733; x_wconf 85' lang='lat' dir='ltr'><strong>ex</strong></span> <span class='ocrx_word' id='word_1_99' title='bbox 613 1693 686 1732; x_wconf 90' lang='lat' dir='ltr'><strong>eo</strong></span> <span class='ocrx_word' id='word_1_100' title='bbox 716 1671 1271 1750; x_wconf 87' lang='lat' dir='ltr'><strong>impedimentum:</strong></span> <span class='ocrx_word' id='word_1_101' title='bbox 1313 1672 1543 1731; x_wconf 89' lang='lat' dir='ltr'><strong>laetam</strong></span> <span class='ocrx_word' id='word_1_102' title='bbox 1582 1672 2008 1753; x_wconf 87' lang='lat' dir='ltr'><strong>voluptatibus</strong></span> <span class='ocrx_word' id='word_1_103' title='bbox 2052 1672 2407 1732; x_wconf 89' lang='lat' dir='ltr'><strong>adolescen-</strong></span> 
     </span>
     <span class='ocr_line' id='line_1_16' title="bbox 505 1768 2406 1849; baseline -0.001 -19"><span class='ocrx_word' id='word_1_104' title='bbox 505 1771 661 1831; x_wconf 87' lang='lat' dir='ltr'><strong>tiam</strong></span> <span class='ocrx_word' id='word_1_105' title='bbox 689 1769 836 1849; x_wconf 90' lang='lat' dir='ltr'><strong>egit,</strong></span> <span class='ocrx_word' id='word_1_106' title='bbox 868 1788 977 1828; x_wconf 89' lang='lat' dir='ltr'><strong>suo</strong></span> <span class='ocrx_word' id='word_1_107' title='bbox 1008 1788 1192 1848; x_wconf 84' lang='lat' dir='ltr'><strong>quam</strong></span> <span class='ocrx_word' id='word_1_108' title='bbox 1220 1768 1415 1847; x_wconf 84' lang='lat' dir='ltr'><strong>patris</strong></span> <span class='ocrx_word' id='word_1_109' title='bbox 1442 1768 1702 1847; x_wconf 90' lang='lat' dir='ltr'><strong>imperio</strong></span> <span class='ocrx_word' id='word_1_110' title='bbox 1731 1769 2131 1829; x_wconf 90' lang='lat' dir='ltr'><strong>moderatior.</strong></span> <span class='ocrx_word' id='word_1_111' title='bbox 2200 1768 2406 1847; x_wconf 91' lang='lat' dir='ltr'><strong>Igitur</strong></span> 
     </span>
     <span class='ocr_line' id='line_1_17' title="bbox 507 1865 2405 1945; baseline -0.001 -19"><span class='ocrx_word' id='word_1_112' title='bbox 507 1888 680 1926; x_wconf 88' lang='lat' dir='ltr'><strong>oram</strong></span> <span class='ocrx_word' id='word_1_113' title='bbox 726 1865 1004 1925; x_wconf 87' lang='lat' dir='ltr'><strong>Achaiae</strong></span> <span class='ocrx_word' id='word_1_114' title='bbox 1062 1885 1134 1925; x_wconf 91' lang='lat' dir='ltr'><strong>ac</strong></span> <span class='ocrx_word' id='word_1_115' title='bbox 1179 1865 1372 1924; x_wconf 90' lang='lat' dir='ltr'><strong>Asiae</strong></span> <span class='ocrx_word' id='word_1_116' title='bbox 1426 1885 1498 1926; x_wconf 92' lang='lat' dir='ltr'><strong>ac</strong></span> <span class='ocrx_word' id='word_1_117' title='bbox 1553 1866 1729 1924; x_wconf 89' lang='lat' dir='ltr'><strong>laeva</strong></span> <span class='ocrx_word' id='word_1_118' title='bbox 1782 1866 1968 1926; x_wconf 90' lang='lat' dir='ltr'><strong>maris</strong></span> <span class='ocrx_word' id='word_1_119' title='bbox 2018 1876 2405 1945; x_wconf 77' lang='lat' dir='ltr'><strong>praevectuS,</strong></span> 
     </span>
     <span class='ocr_line' id='line_1_18' title="bbox 506 1962 2406 2043; baseline -0.001 -20"><span class='ocrx_word' id='word_1_120' title='bbox 506 1964 805 2023; x_wconf 85' lang='lat' dir='ltr'><strong>Rhodum</strong></span> <span class='ocrx_word' id='word_1_121' title='bbox 845 1973 910 2023; x_wconf 88' lang='lat' dir='ltr'><strong>et</strong></span> <span class='ocrx_word' id='word_1_122' title='bbox 953 1964 1230 2042; x_wconf 86' lang='lat' dir='ltr'><strong>Cyprum</strong></span> <span class='ocrx_word' id='word_1_123' title='bbox 1271 1963 1520 2037; x_wconf 85' lang='lat' dir='ltr'><strong>insulas,</strong></span> <span class='ocrx_word' id='word_1_124' title='bbox 1550 1962 1701 2022; x_wconf 16' lang='lat' dir='ltr'><strong>inde.</strong></span> <span class='ocrx_word' id='word_1_125' title='bbox 1744 1963 1989 2043; x_wconf 87' lang='lat' dir='ltr'><strong>Syriam</strong></span> <span class='ocrx_word' id='word_1_126' title='bbox 2031 1963 2406 2041; x_wconf 86' lang='lat' dir='ltr'><strong>audentiori-</strong></span> 
     </span>
     <span class='ocr_line' id='line_1_19' title="bbox 505 2061 2406 2140; baseline -0.001 -19"><span class='ocrx_word' id='word_1_127' title='bbox 505 2062 620 2122; x_wconf 91' lang='lat' dir='ltr'><strong>bus</strong></span> <span class='ocrx_word' id='word_1_128' title='bbox 649 2061 864 2140; x_wconf 89' lang='lat' dir='ltr'><strong>spatiis</strong></span> <span class='ocrx_word' id='word_1_129' title='bbox 891 2062 1164 2138; x_wconf 91' lang='lat' dir='ltr'><strong>petebat.</strong></span> <span class='ocrx_word' id='word_1_130' title='bbox 1245 2062 1458 2140; x_wconf 86' lang='lat' dir='ltr'><strong>Atque</strong></span> <span class='ocrx_word' id='word_1_131' title='bbox 1500 2061 1676 2120; x_wconf 92' lang='lat' dir='ltr'><strong>illum</strong></span> <span class='ocrx_word' id='word_1_132' title='bbox 1711 2061 1935 2140; x_wconf 91' lang='lat' dir='ltr'><strong>cupido</strong></span> <span class='ocrx_word' id='word_1_133' title='bbox 1975 2061 2225 2121; x_wconf 90' lang='lat' dir='ltr'><strong>incessit</strong></span> <span class='ocrx_word' id='word_1_134' title='bbox 2267 2062 2406 2120; x_wconf 91' lang='lat' dir='ltr'><strong>ade-</strong></span> 
     </span>
    </p>

    <p class='ocr_par' dir='ltr' id='par_1_6' title="bbox 402 2158 2407 2533">
     <span class='ocr_line' id='line_1_20' title="bbox 402 2158 2405 2238; baseline -0 -18"><span class='ocrx_word' id='word_1_135' title='bbox 402 2174 465 2220; x_wconf 87' lang='lat'><strong>10</strong></span> <span class='ocrx_word' id='word_1_136' title='bbox 503 2160 656 2219; x_wconf 89' lang='lat' dir='ltr'><strong>undi</strong></span> <span class='ocrx_word' id='word_1_137' title='bbox 711 2159 1074 2237; x_wconf 86' lang='lat' dir='ltr'><strong>visendique</strong></span> <span class='ocrx_word' id='word_1_138' title='bbox 1132 2160 1430 2238; x_wconf 88' lang='lat' dir='ltr'><strong>templum</strong></span> <span class='ocrx_word' id='word_1_139' title='bbox 1475 2158 1751 2238; x_wconf 89' lang='lat' dir='ltr'><strong>Paphiae</strong></span> <span class='ocrx_word' id='word_1_140' title='bbox 1795 2159 2078 2232; x_wconf 89' lang='lat' dir='ltr'><strong>Veneris,</strong></span> <span class='ocrx_word' id='word_1_141' title='bbox 2119 2159 2405 2219; x_wconf 87' lang='lat' dir='ltr'><strong>inclitum</strong></span> 
     </span>
     <span class='ocr_line' id='line_1_21' title="bbox 506 2256 2407 2337; baseline 0.001 -21"><span class='ocrx_word' id='word_1_142' title='bbox 506 2276 618 2335; x_wconf 88' lang='lat' dir='ltr'><strong>per</strong></span> <span class='ocrx_word' id='word_1_143' title='bbox 644 2256 968 2336; x_wconf 88' lang='lat' dir='ltr'><strong>indigenas</strong></span> <span class='ocrx_word' id='word_1_144' title='bbox 997 2256 1406 2336; x_wconf 83' lang='lat' dir='ltr'><strong>advenasque.</strong></span> <span class='ocrx_word' id='word_1_145' title='bbox 1489 2256 1680 2316; x_wconf 87' lang='lat' dir='ltr'><strong>Haud</strong></span> <span class='ocrx_word' id='word_1_146' title='bbox 1707 2257 1898 2317; x_wconf 76' lang='lat' dir='ltr'><strong>fuerit</strong></span> <span class='ocrx_word' id='word_1_147' title='bbox 1926 2258 2181 2337; x_wconf 90' lang='lat' dir='ltr'><strong>longum</strong></span> <span class='ocrx_word' id='word_1_148' title='bbox 2224 2256 2407 2317; x_wconf 87' lang='lat' dir='ltr'><strong>initia</strong></span> 
     </span>
     <span class='ocr_line' id='line_1_22' title="bbox 506 2356 2406 2438; baseline -0.001 -22"><span class='ocrx_word' id='word_1_149' title='bbox 506 2356 842 2436; x_wconf 80' lang='lat' dir='ltr'><strong>religioniS,</strong></span> <span class='ocrx_word' id='word_1_150' title='bbox 893 2357 1109 2436; x_wconf 90' lang='lat' dir='ltr'><strong>templi</strong></span> <span class='ocrx_word' id='word_1_151' title='bbox 1166 2358 1372 2432; x_wconf 91' lang='lat' dir='ltr'><strong>ritum,</strong></span> <span class='ocrx_word' id='word_1_152' title='bbox 1427 2359 1693 2419; x_wconf 80' lang='lat' dir='ltr'><strong>formam</strong></span> <span class='ocrx_word' id='word_1_153' title='bbox 1747 2359 1901 2418; x_wconf 89' lang='lat' dir='ltr'><strong>deae</strong></span> <span class='ocrx_word' id='word_1_154' title='bbox 1955 2360 2183 2438; x_wconf 87' lang='lat' dir='ltr'><strong>(neque</strong></span> <span class='ocrx_word' id='word_1_155' title='bbox 2239 2357 2406 2417; x_wconf 90' lang='lat' dir='ltr'><strong>enim</strong></span> 
     </span>
     <span class='ocr_line' id='line_1_23' title="bbox 508 2453 1678 2533; baseline 0.002 -20"><span class='ocrx_word' id='word_1_156' title='bbox 508 2453 656 2514; x_wconf 92' lang='lat' dir='ltr'><strong>alibi</strong></span> <span class='ocrx_word' id='word_1_157' title='bbox 685 2453 772 2513; x_wconf 89' lang='lat' dir='ltr'><strong>sic</strong></span> <span class='ocrx_word' id='word_1_158' title='bbox 800 2453 1089 2533; x_wconf 89' lang='lat' dir='ltr'><strong>habetur)</strong></span> <span class='ocrx_word' id='word_1_159' title='bbox 1120 2455 1330 2533; x_wconf 91' lang='lat' dir='ltr'><strong>paucis</strong></span> <span class='ocrx_word' id='word_1_160' title='bbox 1360 2455 1678 2515; x_wconf 82' lang='lat' dir='ltr'><strong>disserere.</strong></span> 
     </span>
    </p>

    <p class='ocr_par' dir='ltr' id='par_1_7' title="bbox 505 2542 2407 2924">
     <span class='ocr_line' id='line_1_24' title="bbox 588 2542 2403 2633; baseline -0.001 -22"><span class='ocrx_word' id='word_1_161' title='bbox 588 2553 642 2633; x_wconf 79' lang='lat'><strong>3.</strong></span> <span class='ocrx_word' id='word_1_162' title='bbox 703 2552 1106 2613; x_wconf 88' lang='lat' dir='ltr'><strong>Conditorem</strong></span> <span class='ocrx_word' id='word_1_163' title='bbox 1136 2553 1355 2633; x_wconf 90' lang='lat' dir='ltr'><strong>templi</strong></span> <span class='ocrx_word' id='word_1_164' title='bbox 1383 2574 1594 2633; x_wconf 90' lang='lat' dir='ltr'><strong>regem</strong></span> <span class='ocrx_word' id='word_1_165' title='bbox 1619 2553 1850 2614; x_wconf 71' lang='lat' dir='ltr'><strong>Aerian</strong></span> <span class='ocrx_word' id='word_1_166' title='bbox 1879 2542 2060 2613; x_wconf 87' lang='lat' dir='ltr'><strong>vetus</strong></span> <span class='ocrx_word' id='word_1_167' title='bbox 2090 2551 2403 2624; x_wconf 90' lang='lat' dir='ltr'><strong>memoria,</strong></span> 
     </span>
     <span class='ocr_line' id='line_1_25' title="bbox 508 2649 2407 2730; baseline -0.001 -21"><span class='ocrx_word' id='word_1_168' title='bbox 508 2649 759 2730; x_wconf 91' lang='lat' dir='ltr'><strong>quidam</strong></span> <span class='ocrx_word' id='word_1_169' title='bbox 787 2650 977 2729; x_wconf 89' lang='lat' dir='ltr'><strong>ipsius</strong></span> <span class='ocrx_word' id='word_1_170' title='bbox 1008 2651 1159 2710; x_wconf 90' lang='lat' dir='ltr'><strong>deae</strong></span> <span class='ocrx_word' id='word_1_171' title='bbox 1189 2671 1415 2710; x_wconf 90' lang='lat' dir='ltr'><strong>nomen</strong></span> <span class='ocrx_word' id='word_1_172' title='bbox 1446 2651 1510 2709; x_wconf 91' lang='lat' dir='ltr'><strong>id</strong></span> <span class='ocrx_word' id='word_1_173' title='bbox 1538 2651 1881 2729; x_wconf 88' lang='lat' dir='ltr'><strong>perhibent.</strong></span> <span class='ocrx_word' id='word_1_174' title='bbox 1967 2650 2163 2709; x_wconf 89' lang='lat' dir='ltr'><strong>Fama</strong></span> <span class='ocrx_word' id='word_1_175' title='bbox 2202 2668 2407 2709; x_wconf 89' lang='lat' dir='ltr'><strong>recen-</strong></span> 
     </span>
     <span class='ocr_line' id='line_1_26' title="bbox 505 2746 2403 2827; baseline -0.002 -20"><span class='ocrx_word' id='word_1_176' title='bbox 505 2748 629 2807; x_wconf 92' lang='lat' dir='ltr'><strong>tior</strong></span> <span class='ocrx_word' id='word_1_177' title='bbox 655 2748 851 2808; x_wconf 89' lang='lat' dir='ltr'><strong>tradit</strong></span> <span class='ocrx_word' id='word_1_178' title='bbox 874 2767 909 2805; x_wconf 88' lang='lat' dir='ltr'><strong>a</strong></span> <span class='ocrx_word' id='word_1_179' title='bbox 933 2747 1161 2827; x_wconf 85' lang='lat' dir='ltr'><strong>Cinyra</strong></span> <span class='ocrx_word' id='word_1_180' title='bbox 1190 2756 1500 2808; x_wconf 89' lang='lat' dir='ltr'><strong>sacratum</strong></span> <span class='ocrx_word' id='word_1_181' title='bbox 1528 2749 1848 2826; x_wconf 89' lang='lat' dir='ltr'><strong>templum,</strong></span> <span class='ocrx_word' id='word_1_182' title='bbox 1872 2748 2175 2825; x_wconf 90' lang='lat' dir='ltr'><strong>deamque</strong></span> <span class='ocrx_word' id='word_1_183' title='bbox 2206 2746 2403 2825; x_wconf 88' lang='lat' dir='ltr'><strong>ipsam</strong></span> 
     </span>
     <span class='ocr_line' id='line_1_27' title="bbox 506 2843 2404 2924; baseline -0.002 -19"><span class='ocrx_word' id='word_1_184' title='bbox 506 2853 872 2924; x_wconf 88' lang='lat' dir='ltr'><strong>conceptam</strong></span> <span class='ocrx_word' id='word_1_185' title='bbox 894 2843 1047 2902; x_wconf 89' lang='lat' dir='ltr'><strong>mari</strong></span> <span class='ocrx_word' id='word_1_186' title='bbox 1075 2844 1198 2903; x_wconf 92' lang='lat' dir='ltr'><strong>huc</strong></span> <span class='ocrx_word' id='word_1_187' title='bbox 1227 2845 1542 2923; x_wconf 88' lang='lat' dir='ltr'><strong>appulsam</strong></span> <span class='ocrx_word' id='word_1_188' title='bbox 1566 2863 1581 2918; x_wconf 91' lang='lat'>;</span> <span class='ocrx_word' id='word_1_189' title='bbox 1611 2845 1720 2904; x_wconf 89' lang='lat' dir='ltr'><strong>sed</strong></span> <span class='ocrx_word' id='word_1_190' title='bbox 1743 2843 2062 2904; x_wconf 90' lang='lat' dir='ltr'><strong>scientiam</strong></span> <span class='ocrx_word' id='word_1_191' title='bbox 2085 2853 2404 2922; x_wconf 89' lang='lat' dir='ltr'><strong>artemque</strong></span> 
     </span>
    </p>

    <p class='ocr_par' dir='ltr' id='par_1_8' title="bbox 399 2940 2408 3407">
     <span class='ocr_line' id='line_1_28' title="bbox 399 2940 2405 3021; baseline -0.001 -20"><span class='ocrx_word' id='word_1_192' title='bbox 399 2956 430 3001; x_wconf 84' lang='lat'><strong>5</strong></span> <span class='ocrx_word' id='word_1_193' title='bbox 506 2941 901 3021; x_wconf 89' lang='lat' dir='ltr'><strong>haruspicum</strong></span> <span class='ocrx_word' id='word_1_194' title='bbox 959 2941 1235 3014; x_wconf 89' lang='lat' dir='ltr'><strong>accitam,</strong></span> <span class='ocrx_word' id='word_1_195' title='bbox 1293 2951 1356 3001; x_wconf 89' lang='lat' dir='ltr'><strong>et</strong></span> <span class='ocrx_word' id='word_1_196' title='bbox 1415 2941 1671 3001; x_wconf 89' lang='lat' dir='ltr'><strong>Cilicem</strong></span> <span class='ocrx_word' id='word_1_197' title='bbox 1725 2941 2039 3002; x_wconf 85' lang='lat' dir='ltr'><strong>Tamiram</strong></span> <span class='ocrx_word' id='word_1_198' title='bbox 2109 2940 2405 3011; x_wconf 86' lang='lat' dir='ltr'><strong>intulisse,</strong></span> 
     </span>
     <span class='ocr_line' id='line_1_29' title="bbox 507 3037 2408 3119; baseline -0.002 -21"><span class='ocrx_word' id='word_1_199' title='bbox 507 3049 692 3119; x_wconf 90' lang='lat' dir='ltr'><strong>atque</strong></span> <span class='ocrx_word' id='word_1_200' title='bbox 735 3040 823 3099; x_wconf 88' lang='lat' dir='ltr'><strong>ita</strong></span> <span class='ocrx_word' id='word_1_201' title='bbox 863 3048 1131 3118; x_wconf 89' lang='lat' dir='ltr'><strong>pactum,</strong></span> <span class='ocrx_word' id='word_1_202' title='bbox 1161 3048 1232 3097; x_wconf 91' lang='lat' dir='ltr'><strong>ut</strong></span> <span class='ocrx_word' id='word_1_203' title='bbox 1274 3037 1545 3097; x_wconf 84' lang='lat' dir='ltr'><strong>familiae</strong></span> <span class='ocrx_word' id='word_1_204' title='bbox 1589 3038 1908 3117; x_wconf 87' lang='lat' dir='ltr'><strong>utriusque</strong></span> <span class='ocrx_word' id='word_1_205' title='bbox 1951 3038 2181 3118; x_wconf 88' lang='lat' dir='ltr'><strong>posteri</strong></span> <span class='ocrx_word' id='word_1_206' title='bbox 2224 3037 2408 3097; x_wconf 88' lang='lat' dir='ltr'><strong>caeri-</strong></span> 
     </span>
     <span class='ocr_line' id='line_1_30' title="bbox 504 3134 2405 3215; baseline -0.001 -21"><span class='ocrx_word' id='word_1_207' title='bbox 504 3136 727 3195; x_wconf 89' lang='lat' dir='ltr'><strong>moniis</strong></span> <span class='ocrx_word' id='word_1_208' title='bbox 768 3135 1208 3215; x_wconf 89' lang='lat' dir='ltr'><strong>praesiderent.</strong></span> <span class='ocrx_word' id='word_1_209' title='bbox 1292 3134 1464 3207; x_wconf 86' lang='lat' dir='ltr'><strong>Mox,</strong></span> <span class='ocrx_word' id='word_1_210' title='bbox 1507 3155 1587 3194; x_wconf 91' lang='lat' dir='ltr'><strong>ne</strong></span> <span class='ocrx_word' id='word_1_211' title='bbox 1643 3135 1878 3194; x_wconf 91' lang='lat' dir='ltr'><strong>honore</strong></span> <span class='ocrx_word' id='word_1_212' title='bbox 1932 3135 2105 3194; x_wconf 92' lang='lat' dir='ltr'><strong>nullo</strong></span> <span class='ocrx_word' id='word_1_213' title='bbox 2160 3134 2405 3213; x_wconf 86' lang='lat' dir='ltr'><strong>regium</strong></span> 
     </span>
     <span class='ocr_line' id='line_1_31' title="bbox 505 3231 2406 3312; baseline 0 -23"><span class='ocrx_word' id='word_1_214' title='bbox 505 3252 701 3309; x_wconf 87' lang='lat' dir='ltr'><strong>genus</strong></span> <span class='ocrx_word' id='word_1_215' title='bbox 768 3233 1153 3312; x_wconf 85' lang='lat' dir='ltr'><strong>peregrinam</strong></span> <span class='ocrx_word' id='word_1_216' title='bbox 1224 3231 1478 3309; x_wconf 88' lang='lat' dir='ltr'><strong>stirpem</strong></span> <span class='ocrx_word' id='word_1_217' title='bbox 1549 3232 1963 3304; x_wconf 86' lang='lat' dir='ltr'><strong>antecelleret,</strong></span> <span class='ocrx_word' id='word_1_218' title='bbox 2018 3232 2151 3310; x_wconf 88' lang='lat' dir='ltr'><strong>ipsa</strong></span> <span class='ocrx_word' id='word_1_219' title='bbox 2219 3250 2406 3309; x_wconf 88' lang='lat' dir='ltr'><strong>quam</strong></span> 
     </span>
     <span class='ocr_line' id='line_1_32' title="bbox 506 3327 2406 3407; baseline 0.001 -21"><span class='ocrx_word' id='word_1_220' title='bbox 506 3327 844 3389; x_wconf 87' lang='lat' dir='ltr'><strong>intulerant</strong></span> <span class='ocrx_word' id='word_1_221' title='bbox 874 3330 1129 3388; x_wconf 88' lang='lat' dir='ltr'><strong>scientia</strong></span> <span class='ocrx_word' id='word_1_222' title='bbox 1156 3329 1432 3406; x_wconf 86' lang='lat' dir='ltr'><strong>hospites</strong></span> <span class='ocrx_word' id='word_1_223' title='bbox 1474 3347 1744 3388; x_wconf 86' lang='lat' dir='ltr'><strong>cessere:</strong></span> <span class='ocrx_word' id='word_1_224' title='bbox 1786 3339 2032 3388; x_wconf 87' lang='lat' dir='ltr'><strong>tantum</strong></span> <span class='ocrx_word' id='word_1_225' title='bbox 2065 3328 2406 3407; x_wconf 82' lang='lat' dir='ltr'><strong>Cinyrades</strong></span> 
     </span>
    </p>

    <p class='ocr_par' dir='ltr' id='par_1_9' title="bbox 403 3423 2407 3600">
     <span class='ocr_line' id='line_1_33' title="bbox 403 3423 2407 3503; baseline 0 -21"><span class='ocrx_word' id='word_1_226' title='bbox 403 3436 461 3482; x_wconf 91' lang='lat'><strong>10</strong></span> <span class='ocrx_word' id='word_1_227' title='bbox 504 3424 786 3484; x_wconf 89' lang='lat' dir='ltr'><strong>sacerdos</strong></span> <span class='ocrx_word' id='word_1_228' title='bbox 844 3426 1200 3485; x_wconf 90' lang='lat' dir='ltr'><strong>consulitur.</strong></span> <span class='ocrx_word' id='word_1_229' title='bbox 1285 3424 1567 3498; x_wconf 92' lang='lat' dir='ltr'><strong>Hostiae,</strong></span> <span class='ocrx_word' id='word_1_230' title='bbox 1611 3435 1681 3483; x_wconf 91' lang='lat' dir='ltr'><strong>ut</strong></span> <span class='ocrx_word' id='word_1_231' title='bbox 1736 3424 1994 3503; x_wconf 88' lang='lat' dir='ltr'><strong>quisque</strong></span> <span class='ocrx_word' id='word_1_232' title='bbox 2051 3424 2248 3497; x_wconf 85' lang='lat' dir='ltr'><strong>vovit,</strong></span> <span class='ocrx_word' id='word_1_233' title='bbox 2294 3423 2407 3483; x_wconf 84' lang='lat' dir='ltr'><strong>sed</strong></span> 
     </span>
     <span class='ocr_line' id='line_1_34' title="bbox 506 3520 2405 3600; baseline 0.002 -22"><span class='ocrx_word' id='word_1_234' title='bbox 506 3538 708 3579; x_wconf 87' lang='lat' dir='ltr'><strong>mares</strong></span> <span class='ocrx_word' id='word_1_235' title='bbox 763 3520 1156 3600; x_wconf 89' lang='lat' dir='ltr'><strong>deliguntur:</strong></span> <span class='ocrx_word' id='word_1_236' title='bbox 1219 3521 1561 3581; x_wconf 89' lang='lat' dir='ltr'><strong>certissima</strong></span> <span class='ocrx_word' id='word_1_237' title='bbox 1614 3520 1769 3581; x_wconf 89' lang='lat' dir='ltr'><strong>fides</strong></span> <span class='ocrx_word' id='word_1_238' title='bbox 1822 3521 2166 3582; x_wconf 90' lang='lat' dir='ltr'><strong>haedorum</strong></span> <span class='ocrx_word' id='word_1_239' title='bbox 2219 3520 2405 3581; x_wconf 88' lang='lat' dir='ltr'><strong>fibris.</strong></span> 
     </span>
    </p>
   </div>
  </div>
 </body>
</html>
