2738 4048
830 250 1347 298 HISTORIARUM
1392 252 1611 299 mmm
1657 252 2021 311 QUARTUS.
2295 242 2423 309 139

420 407 712 480 lamenta,
743 407 1260 467 conclamationes
1287 416 1351 466 et
1385 408 1667 468 fortunae
1697 419 1914 488 captae
1944 412 2129 486 urbis,
2161 415 2315 476 adeo
2359 431 2419 478 15

420 513 492 562 ut
515 502 856 562 Othoniani
879 502 1325 583 Vitellianique
1354 505 1568 564 militis
1596 505 1905 565 invidiosa
1934 518 2118 568 antea
2144 521 2317 589 petu-

420 600 616 658 lantia
644 599 1121 659 desideraretur.
1190 600 1400 660 Duces
1426 602 1696 679 partium
1725 604 2119 665 accendendo
2150 607 2316 668 civili

418 696 583 755 bello
617 715 805 769 acres,
834 696 1274 775 temperandae
1303 697 1602 757 victoriae
1632 699 1896 778 impares
1922 721 1935 760 :
1979 703 2205 783 quippe
2249 707 2313 766 in

419 793 631 852 turbas
661 803 725 852 et
753 793 1093 852 discordias
1119 793 1386 871 pessimo
1418 794 1637 875 cuique
1667 797 1933 876 plurima
1960 800 2072 875 viS‚
2100 821 2222 880 pax
2251 813 2317 863 et

420 889 593 969 quies
621 889 798 948 bonis
828 890 1061 949 artibus
1088 889 1396 970 indigent.
2358 915 2420 960 20

500 987 556 1044 2.
613 983 861 1044 Nomen
892 986 1223 1066 sedemque
1248 987 1525 1048 Caesaris
1548 989 1944 1053 Domitianus
1974 1006 2313 1075 acceperat,

418 1082 695 1142 nondum
743 1082 822 1141 ad
873 1102 1050 1142 curas
1103 1084 1403 1159 intentae,
1442 1087 1550 1146 sed
1602 1090 1829 1169 stupris
1878 1101 1943 1150 et
1998 1093 2313 1154 adulteriis

417 1180 614 1239 filium
662 1179 957 1258 principis
1014 1181 1253 1259 agebat.
1339 1181 1743 1244 Praefectura
1786 1189 2076 1265 praetorii
2124 1210 2313 1268 penes

417 1276 676 1335 Arrium
716 1276 974 1350 Varum,
1018 1297 1256 1337 summa
1296 1281 1615 1358 potentiae
1661 1283 1723 1341 in
1759 1283 1973 1343 Primo
2013 1283 2311 1346 Antonio.

418 1372 483 1433 Is
511 1372 834 1452 pecuniam
861 1372 1279 1454 familiamque
1324 1396 1356 1435 e
1399 1377 1695 1456 principis
1737 1379 1923 1440 domo
1966 1382 2140 1460 quasi
2171 1382 2311 1442 Cre·
2387 1397 2417 1443 5

416 1490 776 1539 monensem
803 1471 1099 1548 praedam
1122 1491 1335 1550 rapere
1359 1493 1375 1532 t
1404 1475 1595 1534 ceteri
1622 1477 1929 1536 modestia
1950 1478 2050 1536 vel
2079 1478 2314 1556 ignobi-

416 1569 592 1629 litate
642 1576 713 1627 ut
759 1567 824 1626 in
872 1566 1037 1627 bello
1083 1568 1346 1643 obscuri,
1393 1571 1483 1630 ita
1536 1573 1949 1650 praemiorum
2005 1584 2310 1653 expertes,

394 1665 654 1726 'Civitas
688 1664 918 1743 pavida
960 1675 1023 1724 et
1065 1667 1320 1727 servitio
1362 1678 1579 1747 parata
1620 1670 1906 1749 occupari
1948 1671 2309 1730 redeuntem

417 1762 753 1822 Tarracina
781 1761 850 1821 L.
880 1762 1208 1823 Vitellium
1237 1784 1378 1824 cum
1408 1766 1762 1825 cohortibus
1792 1766 2195 1846 extinguique
2224 1788 2314 1828 re-

415 1860 584 1940 liqua
621 1859 771 1919 belli
812 1861 1201 1939 postulabat:
1244 1862 1562 1941 praemissi
1598 1863 1873 1922 Ariciam
1916 1863 2172 1943 equites,
2216 1884 2314 1944 ag·
2354 1880 2418 1926 10

414 1977 558 2018 men
587 1957 900 2039 legionum
930 1956 1095 2018 intra
1125 1958 1403 2017 Bovillas
1433 1959 1625 2019 stetit.
1697 1958 1835 2018 Nec
1863 1968 2187 2020 cunctatus
2217 1970 2311 2021 est

416 2057 711 2118 Vitellius
740 2078 926 2137 seque
956 2066 1019 2117 et
1049 2057 1331 2117 cohortes
1361 2057 1617 2116 arbitrio
1647 2057 1901 2117 victoris
1930 2057 2309 2136 permittere,

415 2163 479 2215 et
508 2155 683 2215 miles
711 2154 985 2215 infelicia
1014 2173 1185 2213 arma
1211 2154 1379 2213 haud
1408 2154 1610 2214 minus
1642 2154 1733 2213 ira
1775 2174 1957 2234 quam
1997 2164 2169 2214 metu
2213 2156 2312 2214 ab·

404 2252 581 2333 jecit.
663 2251 914 2332 Longus
972 2252 1323 2311 deditorum
1382 2252 1554 2324 ord0,
1601 2261 1811 2330 septus
1868 2252 2138 2325 armatis,
2195 2272 2308 2331 per

415 2350 628 2410 urbem
658 2350 922 2421 incessit,
951 2369 1134 2409 nemo
1163 2348 1427 2427 supplici
1455 2348 1653 2421 vultu,
1684 2348 1793 2408 sed
1833 2349 2042 2408 tristes
2084 2358 2147 2408 et
2187 2358 2312 2408 tru-
2352 2365 2414 2410 15

415 2463 517 2503 ces
547 2454 610 2504 et
639 2445 968 2504 adversum
1002 2446 1252 2522 plausus
1284 2462 1353 2502 ac
1382 2441 1696 2501 lasciviam
1739 2443 2092 2503 insultantis
2135 2444 2309 2520 vulgi

414 2540 776 2601 immobiles.
827 2539 1069 2600 Paucos
1098 2558 1420 2618 erumpere
1451 2557 1628 2597 ausos
1657 2538 2035 2616 circumjecti
2066 2558 2311 2623 oppres-

413 2657 545 2697 sere
566 2658 581 2712 ;
609 2638 801 2697 ceteri
823 2638 885 2696 in
906 2637 1251 2697 custodiam
1270 2636 1526 2708 conditi,
1547 2634 1697 2694 nihil
1721 2634 2041 2713 quisquam
2065 2635 2308 2694 locutus

412 2733 756 2812 indignum,
799 2742 863 2793 et
901 2753 1250 2814 quanquam
1297 2732 1465 2792 inter
1513 2732 1792 2804 adversa,
1836 2732 2008 2791 salva
2055 2730 2308 2791 virtutis

411 2830 597 2890 fama.
680 2830 843 2889 Dein
874 2830 943 2889 L.
975 2831 1272 2891 Vitellius
1316 2830 1702 2903 interficitur,
1730 2848 1843 2908 par
1868 2828 2039 2889 vitiis
2079 2827 2305 2899 fratris,
2348 2844 2411 2890 20

411 2927 474 2985 in
524 2927 872 3007 principatu
921 2928 1050 3005 ejus
1097 2927 1474 3006 vigilantior,
1523 2947 1641 2987 nec
1687 2926 1945 3006 perinde
1994 2924 2308 3004 prosperis

411 3024 612 3084 socius
642 3044 827 3103 quam
857 3025 1130 3084 adversis
1161 3025 1525 3084 abstractus

492 3122 549 3180 3.
604 3121 811 3180 Isdem
835 3121 1052 3180 diebus
1074 3120 1347 3180 Lucilius
1373 3121 1599 3181 Bassus
1624 3140 1764 3180 cum
1786 3118 2078 3199 expedito
2101 3117 2307 3198 equite

412 3217 490 3276 ad
546 3218 1037 3297 componendam
1098 3218 1501 3297 Campaniam
1569 3218 1859 3290 mittitur,
1915 3216 2304 3276 discordibus

410 3313 886 3394 municipiorum
929 3315 1148 3374 animis
1190 3315 1387 3395 magis
1428 3316 1590 3373 inter
1631 3322 1844 3386 semet,
1873 3334 2056 3393 quam
2100 3322 2308 3373 contu-

409 3411 610 3470 macia
638 3412 932 3470 adversus
963 3411 1325 3490 principem.
1409 3410 1564 3470 Viso
1594 3410 1792 3469 milite
1823 3410 1996 3488 quies
2025 3418 2088 3469 et
2116 3410 2322 3469 mino-·

410 3507 579 3567 ribus
608 3507 864 3568 coloniis
893 3507 1261 3587 impunitas:
1306 3508 1552 3586 Capuae
1580 3505 1744 3586 legio
1772 3506 1961 3566 tertia
1986 3506 2304 3566 hiemandi
2380 3519 2412 3564 5
