2738 4048
389 251 471 314 88
953 265 1345 313 EXCERPTA
1390 266 1820 314 TACI'HANA.

491 432 707 502 raptus
746 423 1065 503 penatium
1107 425 1446 483 hauserunt
1488 423 1712 497 animo,
1743 443 1925 502 super
1967 423 2290 484 avaritiam
2333 435 2401 487 et

493 521 927 599 arrogantiam,
969 520 1302 600 praecipua
1357 520 1753 595 validiorum,
1786 519 1959 592 vitia,
2003 522 2400 582 contumacia

494 619 811 677 Gallorum
850 618 1090 690 irritati,
1120 618 1242 698 qui,
1273 618 1590 676 remissam
1632 616 1751 676 sibi
1794 636 1830 676 a
1872 616 2071 677 Galba
2112 629 2399 698 quartam

493 715 866 774 tributorum
909 727 1147 794 partem
1193 726 1258 775 et
1297 716 1542 795 publice
1573 716 1857 789 donatOS,
1885 716 1947 775 in
1993 716 2399 795 ignominiam

387 826 450 871 25
494 811 801 870 exercitus
828 813 1167 891 jactabant.
1228 811 1511 871 Accessit
1541 812 1762 871 callide
1792 813 2136 892 vulgatum,
2165 824 2398 874 temere

496 909 817 981 creditum,
849 908 1163 967 decumari
1204 909 1482 987 legiones
1526 917 1590 968 et
1631 910 2160 988 promptissimum
2192 932 2400 991 quem-

496 1024 615 1083 que
671 1004 1102 1064 centurionum
1160 1006 1412 1065 dimitti.
1520 1006 1818 1086 Undique
1876 1019 2112 1068 atroces
2167 1009 2394 1082 nuntii,

496 1101 741 1160 sinistra
771 1122 846 1160 ex
879 1103 1026 1161 urbe
1055 1103 1249 1161 fama:
1291 1103 1534 1162 infensa
1568 1101 2001 1183 Lugdunensis
2036 1106 2277 1165 colonia
2309 1116 2394 1179 et,

495 1198 796 1277 pertinaci
851 1219 962 1277 pro
1018 1198 1270 1258 Nerone
1326 1200 1468 1274 fide,
1525 1201 1795 1261 fecunda
1849 1203 2230 1277 rumoribus;
2285 1198 2397 1262 sed

371 1309 450 1365 ,30
492 1294 754 1374 plurima
783 1295 861 1353 ad
891 1295 1253 1375 fingendum
1283 1297 1783 1378 credendumque
1813 1299 2100 1359 materies
2141 1298 2205 1358 in
2243 1298 2393 1379 ipsis

497 1392 727 1466 castriS,
758 1393 899 1452 odio
942 1404 1114 1452 metu
1157 1404 1239 1466 et,
1272 1394 1377 1454 ubi
1406 1396 1567 1455 vires
1609 1415 1748 1456 suas
1791 1405 2203 1475 respexerant,
2232 1416 2400 1456 secu-

497 1489 699 1549 ritate.

580 1588 674 1646 61.
744 1587 1065 1668 Adjuncto
1123 1588 1486 1649 Britannico
1544 1591 1836 1663 exercitu,
1890 1589 2110 1670 ingens
2164 1576 2399 1649 viribus

498 1685 837 1764 opibusque
871 1686 1164 1745 Vitellius
1200 1687 1356 1747 duos
1397 1688 1603 1761 duceS‚
1635 1688 1760 1747 duo
1802 1687 2024 1746 itinera
2065 1688 2225 1747 bello
2268 1687 2400 1746 des-
2431 1742 2435 1745 .

496 1782 756 1842 tinavit:
801 1783 1028 1842 Fabius
1072 1783 1305 1843 Valens
1349 1784 1589 1843 allicere
1632 1786 1749 1856 vel,
1789 1785 1838 1843 si
1881 1784 2238 1856 abnuerent,
2268 1803 2401 1842 vas-

498 1889 630 1938 tare
680 1880 912 1940 Gallias
962 1890 1025 1941 et
1073 1880 1384 1941 Cottianis
1426 1881 1692 1959 Alpibus
1743 1880 1988 1940 Italiam
2042 1880 2398 1959 irrumpere,

391 1990 422 2037 5
498 1976 764 2038 Caecina
806 1977 1086 2057 propiore
1129 1976 1394 2037 transitu
1437 1977 1733 2038 Poeninis
1765 1977 1935 2057 jugis
1977 1977 2232 2058 degredi
2272 1978 2399 2086 jus-

499 2095 617 2135 sus,
677 2075 933 2134 Valenti
961 2074 1261 2134 inferioris
1286 2076 1592 2134 exercitus
1623 2075 1804 2134 electi
1834 2096 1975 2134 cum
2004 2075 2207 2154 aquila
2230 2075 2401 2154 quin-

499 2181 600 2230 tae
631 2171 890 2251 legionis
919 2181 983 2231 et
1012 2172 1367 2231 cohortibus
1400 2173 1652 2252 alisque,
1684 2173 1760 2230 ad
1794 2173 2201 2252 quadiaginta
2227 2172 2401 2231 milia

500 2279 875 2328 armatorum
917 2245 1102 2342 data3
1160 2269 1419 2347 triginta
1461 2270 1630 2328 milia
1674 2269 1940 2330 Caecina
1995 2289 2029 2328 e
2085 2269 2398 2360 superiore

501 2364 833 2425 Germania
862 2366 1144 2440 ducebat,
1182 2387 1444 2446 quorum
1487 2367 1672 2425 robur
1715 2366 1876 2445 legio
1918 2365 2399 2425 unaetvicesima

393 2475 453 2520 10
495 2461 653 2521 fuit:
712 2463 926 2523 addita
982 2465 1225 2543 utrique
1286 2464 1737 2523 Germanorum
1773 2415 2039 2535 &auxiliaq
2084 2481 2117 2520 e
2175 2461 2397 2541 quibus

500 2559 794 2620 Vitellius
824 2580 961 2621 suas
992 2582 1235 2642 quoque
1267 2562 1474 2639 copias
1511 2559 1842 2639 supplevit,
1873 2567 2008 2617 tota
2046 2558 2208 2616 mole
2250 2557 2399 2617 belli

499 2668 838 2718 secuturus·

579 2755 676 2814 62.
731 2755 894 2814 Mira
915 2755 1080 2814 inter
1103 2754 1441 2814 exercitum
1466 2753 2017 2833 imperatoremque
2036 2751 2360 2810 diversitas
2382 2771 2397 2810 ε

495 2850 727 2910 instare
757 2852 945 2924 miles,
971 2871 1139 2910 arma
1166 2872 1434 2929 poscere,
1457 2852 1606 2910 dum
1631 2849 1865 2910 Galliae
1893 2848 2225 2928 trepident,
2246 2847 2398 2907 dum

497 2947 833 3028 Hispaniae
865 2956 1268 3007 cunctentur:
1311 2969 1433 3008 non
1477 2948 1720 3007 obstare
1762 2946 2028 3005 hiemem
2070 2963 2268 3024 neque
2311 2944 2399 3024 ig-

497 3065 693 3106 navae
736 3045 901 3125 pacis
943 3062 1184 3118 moras3
1226 3044 1640 3104 invadendam
1680 3043 1944 3115 Italiam,
1974 3041 2398 3119 occupandam

390 3156 422 3200 5
499 3143 712 3202 urbem
735 3127 770 3217 3‘
794 3142 941 3202 nihil
975 3142 1035 3200 in
1069 3141 1393 3201 discordiis
1423 3141 1704 3201 civilibus
1746 3138 2139 3201 festinatione
2182 3138 2395 3211 tutius,

499 3239 601 3297 ubi
644 3241 805 3300 facto
845 3239 1039 3317 magis
1069 3258 1252 3317 quam
1296 3239 1577 3298 consulto
1622 3259 1775 3317 opus
1818 3247 1995 3297 esset.
2080 3234 2398 3313 Torpebat

497 3334 791 3395 Vitellius
814 3346 876 3395 et
903 3337 1213 3393 fortunam
1236 3335 1427 3413 prinei
1436 3345 1615 3413 patus
1644 3334 1826 3393 inerti
1856 3335 2005 3393 luxu
2030 3353 2100 3392 ac
2120 3330 2398 3412 prodigis

499 3432 694 3509 epulis
739 3432 1181 3510 praesumebat,
1224 3432 1431 3490 medio
1474 3431 1595 3489 diei
1655 3431 2031 3489 temulentus
2075 3438 2139 3488 et
2182 3429 2399 3507 sagina

499 3527 724 3605 graviS,
770 3548 909 3585 cum
956 3539 1160 3586 tamen
1216 3528 1398 3587 ardor
1436 3537 1499 3586 et
1542 3527 1636 3586 vis
1691 3527 1957 3585 militum
2005 3527 2172 3587 ultro
2222 3524 2398 3585 ducis
