2738 4048
805 290 1327 340 mscromARUM
1371 292 1590 338 LIBER
1635 291 1935 340 Pennis.
2292 277 2375 342 85

370 448 534 509 enim
556 467 828 528 unquam
854 447 1180 527 imperium
1201 448 1438 528 flagitio
1461 450 1806 528 quaesitum
1828 448 2007 509 bonis
2036 450 2270 511 artibus

371 545 664 605 exercuit.
720 545 984 605 Galbam
1013 566 1345 606 consensus
1373 546 1615 625 generis
1642 547 1912 620 humani,
1941 566 2041 606 me
2072 548 2272 608 Galba

372 640 895 703 consentientibus
926 640 1117 715 vobiS‚
1149 642 1476 702 Caesarem
1505 642 1680 703 dixit.
1739 643 1807 703 Si
1833 644 2179 722 respublica
2207 656 2272 706 et

372 728 622 799 senatus
650 747 714 798 et
741 739 1007 817 populus
1033 758 1230 798 vacua
1258 739 1510 798 nomina
1538 749 1699 813 sunt,
1724 751 1950 814 vestra,
1982 742 2273 802 commili-

371 846 566 909 toneS,
593 835 855 894 interest
883 856 961 895 ne
992 835 1424 914 imperatorem
1454 835 1705 915 pessimi
1733 837 1986 898 faciant.
2057 838 2273 918 Legio·
2315 854 2376 899 15

372 953 523 992 num
551 931 775 991 seditio
806 932 1097 992 adversus
1127 933 1313 992 duces
1343 952 1486 992 suos
1515 933 1728 993 audita
1769 943 1864 995 est
1905 935 2271 1015 aliquando:

372 1039 578 1090 vestra
605 1029 759 1088 fides
787 1029 1074 1109 famaque
1110 1030 1321 1089 illaesa
1362 1030 1443 1089 ad
1485 1031 1649 1090 hunc
1691 1032 1856 1091 diem
1899 1034 2164 1093 mansit:
2208 1042 2272 1093 et

372 1127 546 1187 Nero
575 1145 818 1206 quoque
847 1146 960 1186 vos
989 1126 1293 1199 destituit,
1321 1146 1448 1186 non
1487 1147 1598 1187 vos
1640 1128 1975 1189 Neronem.
2059 1130 2271 1189 Minus

373 1223 630 1302 triginta
655 1222 1012 1301 transfugae
1042 1231 1106 1282 et
1135 1223 1499 1298 desertores,
1531 1245 1682 1303 quos
1712 1226 2136 1286 centurionem
2165 1235 2273 1286 aut

373 1320 692 1381 tribunum
732 1308 862 1379 sibi
893 1320 1193 1399 eligentes
1234 1341 1418 1381 nemo
1459 1322 1671 1397 ferret,
1715 1323 2038 1402 imperium
2096 1324 2280 1403 assig-
2318 1337 2378 1382 20
2463 1332 2473 1342 ·

374 1417 659 1476 nabunt?
738 1416 1096 1477 Admittitis
1145 1419 1543 1498 exemplum?
1598 1429 1661 1480 et
1705 1421 2073 1500 quiescendo
2117 1440 2275 1480 com-

376 1533 562 1573 mune
618 1513 848 1573 crimen
903 1513 1151 1573 facitis?
1250 1514 1634 1577 Trascendet
1689 1518 1841 1577 haec
1904 1517 2153 1577 licentia
2206 1517 2272 1576 in

375 1611 738 1689 provinciaS,
769 1619 834 1670 et
864 1611 942 1669 ad
972 1630 1084 1670 nos
1114 1612 1414 1671 scelerum
1433 1614 1665 1688 exitus,
1692 1614 1997 1674 bellorum
2041 1614 2118 1673 ad
2160 1634 2274 1673 vos

377 1707 795 1787 pertinebunt.
879 1707 1018 1766 Nec
1073 1718 1168 1768 est
1210 1710 1350 1788 plus
1394 1712 1557 1790 quod
1599 1731 1711 1790 pro
1754 1712 1942 1770 caede
1984 1709 2276 1790 principis

380 1825 563 1884 quam
618 1804 783 1884 quod
831 1794 1268 1866 innocentibus
1315 1808 1665 1891 datur,‘sed
1716 1808 1971 1887 perinde
2017 1827 2054 1866 a
2097 1807 2275 1867 nobis
2316 1821 2379 1867 25

379 1901 745 1962 donativum
788 1901 867 1962 ob
907 1901 1097 1961 fidem
1140 1924 1324 1984 quam
1368 1907 1446 1965 ab
1488 1906 1621 1966 aliis
1661 1926 1773 1985 pro
1813 1905 2084 1965 facinore
2127 1904 2278 1964 acci-
2394 1940 2427 1991 ι,
2486 1978 2505 1993 κ

377 1997 596 2080 pietis.’
1297 2049 1308 2054 μ
2270 1986 2337 2058 ἶπ
2422 1998 2471 2076 ²(
2502 2020 2529 2082 ,t

458 2101 553 2159 40.
624 2102 952 2181 Agebatur
981 2103 1102 2161 huc
1129 2102 1276 2162 illuc
1299 2102 1516 2177 Galba,
1536 2102 1708 2162 vario
1739 2101 1954 2161 turbae
1983 2101 2278 2160 fluctuan-

379 2197 457 2257 tis
514 2198 799 2278 impulsu,
851 2199 1177 2279 completis
1233 2200 1506 2279 undique
1563 2199 1830 2259 basilicis
1888 2218 1958 2258 ac
2012 2198 2277 2277 templis,

379 2296 626 2376 lugubri
671 2306 1033 2377 prospectu:
1085 2316 1287 2377 neque
1328 2297 1543 2376 populi
1585 2307 1691 2356 aut
1732 2296 1929 2375 plebis
1974 2297 2097 2355 ulla
2136 2315 2277 2367 vox,

381 2398 490 2456 sed
533 2398 786 2458 attoniti
828 2399 1036 2458 vultus
1079 2408 1142 2457 et
1185 2414 1516 2455 conversae
1560 2395 1638 2453 ad
1681 2393 1888 2453 omnia
1930 2413 2122 2465 aures,
2151 2412 2277 2451 non

380 2496 700 2569 tumultuS,
724 2516 847 2555 non
877 2496 1065 2575 quies,
1091 2494 1269 2574 quale
1299 2492 1510 2570 magni
1537 2500 1738 2550 metus
1767 2500 1832 2549 et
1859 2509 2122 2568 magnae
2151 2489 2280 2547 irae

383 2591 693 2651 silentium
735 2602 846 2652 est.
933 2592 1169 2651 Othoni
1199 2601 1407 2650 tamen
1438 2587 1660 2647 armari
1690 2586 1931 2665 plebem
1960 2584 2280 2644 nuntiaba-

382 2699 519 2749 tur:
561 2690 649 2749 ire
677 2690 1045 2770 praecipites
1075 2700 1139 2749 et
1168 2707 1467 2767 occupare
1498 2685 1765 2765 pericula
1792 2683 1991 2762 jubet.
2075 2681 2279 2760 Igitur

381 2786 609 2846 milites
651 2785 935 2859 Romani,
965 2786 1136 2867 quasi
1181 2786 1569 2864 Vologesum
1612 2792 1719 2841 aut
1760 2780 2065 2839 Pacorum
2109 2777 2277 2837 avito

381 2884 819 2944 Arsacidarum
849 2884 1004 2943 solio
1033 2883 1363 2961 depulsuri,
1384 2901 1455 2940 ac
1485 2900 1609 2939 non
1637 2879 2071 2957 imperatorem
2100 2894 2279 2933 suum

382 2980 679 3040 inermem
708 2991 772 3041 et
801 3001 1010 3041 senem
1049 2980 1359 3040 trucidare
1400 2979 1748 3059 pergerent,
1779 2975 2041 3055 disjecta
2081 2972 2279 3051 plebe,
2323 2986 2384 3031 10

382 3079 738 3157 proculcato
794 3087 1029 3149 senatu,
1084 3088 1291 3137 truces
1348 3076 1550 3149 armis,
1597 3073 1797 3153 rapidi
1855 3069 2025 3149 equis
2080 3070 2277 3128 forum

384 3176 771 3255 irrumpunt:
826 3194 942 3234 nec
995 3174 1132 3233 illos
1176 3173 1469 3252 Capitolii
1526 3179 1807 3250 aspectus
1851 3177 1914 3227 et
1961 3165 2280 3225 imminen-

384 3272 543 3332 tium
583 3273 954 3351 templorum
994 3270 1228 3349 religio,
1259 3278 1323 3329 et
1363 3269 1597 3348 priores
1640 3277 1703 3327 et
1744 3264 1933 3325 futuri
1975 3262 2282 3343 principes

386 3378 656 3428 terruere
702 3389 823 3448 quo
879 3369 1083 3426 minus
1136 3365 1415 3425 facerent
1470 3365 1683 3436 seelu8‚
1733 3364 1911 3443 cujus
1970 3361 2134 3420 ultor
2188 3367 2283 3418 est

388 3466 658 3545 quisquis
703 3466 1011 3525 successit.
1203 3536 1207 3540 <
2327 3470 2387 3513 15

467 3563 561 3623 49.
631 3562 865 3624 Galbae
908 3582 1146 3641 corpuS,
1178 3560 1284 3619 diu
1326 3558 1682 3638 neglectum
1724 3567 1787 3618 et
1828 3555 2081 3617 licentia
2123 3565 2284 3615 tene-

2352 2502 2382 2547 0(
