2738 4048
793 265 1195 315 ANNALIUM
1237 268 1459 315 LIBER
1504 269 1805 319 PRIMUS.
2249 258 2337 323 49

404 423 498 483 33.
582 421 830 484 Interea
860 423 1227 486 Germanico
1256 446 1366 506 per
1396 426 1644 503 Gallias,
1671 439 1744 489 ut
1772 430 2058 505 diximus,
2089 451 2226 492 cen-

321 538 428 579 sus
462 520 788 599 accipienti
827 522 1156 582 excessisse
1184 523 1545 602 Augustum
1587 526 1864 586 affertur.
1946 527 2221 607 Neptem

321 617 452 694 ejus
473 617 887 697 Agrippinam
914 619 978 677 in
1008 620 1403 680 matrimonio
1431 623 1759 701 pluresque
1789 642 1866 681 ex
1896 643 1967 682 ea
1996 625 2219 686 liberos

321 715 613 788 habebat,
656 714 786 793 ipse
828 714 1036 775 Druso
1077 717 1264 776 statre
1307 717 1541 777 Tiberii
1588 720 1854 797 genituS,
1899 721 2218 801 Augustae

318 829 526 889 nepo&
555 810 667 870 sed
696 812 912 871 anxius
940 813 1197 872 occultis
1238 813 1303 872 in
1345 833 1411 874 se
1453 816 1662 893 patrui
1705 816 1999 897 aviaeque
2044 820 2218 890 odiis,
2290 836 2323 882 5

320 927 582 986 quorum
624 928 841 968 causae
885 909 1164 983 acriores,
1208 909 1353 989 quia
1393 911 1656 989 iniquae.
1742 913 1985 993 Quippe
2026 915 2215 976 Drusi

314 1022 541 1083 magna
569 1005 735 1083 apud
762 1005 1059 1083 populum
1088 1005 1444 1066 Romanum
1486 1009 1796 1082 memoria,
1827 1012 2217 1071 credebatur-

315 1119 450 1179 que,
473 1100 524 1160 si
551 1120 764 1160 rerum·
787 1102 1025 1180 potitus
1054 1102 1228 1175 foret,
1250 1102 1603 1163 libertatem
1631 1106 2015 1181 redditurus3
2045 1110 2213 1168 unde

313 1197 377 1256 in
402 1197 838 1258 Germanicum
860 1198 1042 1258 favor
1063 1206 1127 1258 et
1149 1218 1287 1277 spes
1311 1200 1546 1260 eadem.
1600 1201 1769 1261 Nam
1787 1202 2010 1281 juveni
2033 1205 2212 1265 civile

314 1293 648 1373 ingenium,
678 1295 837 1354 mira
863 1294 1123 1355 comitas
1165 1305 1231 1355 et
1264 1296 1512 1357 diversa
1549 1297 1626 1358 ab
1655 1297 1887 1358 Tiberii
1929 1320 2211 1361 sermone
2255 1317 2316 1361 10

310 1392 509 1465 vultu,
535 1392 965 1471 arrogantibus
994 1401 1058 1451 et
1086 1392 1398 1453 obscuris.-
1449 1395 1853 1455 Accedebant
1880 1398 2210 1458 muliebres

311 1487 682 1549 offensiones
710 1488 1136 1548 novercalibus
1157 1488 1371 1550 Liviae
1399 1492 1463 1552 in
1485 1491 1898 1572 Agrippinam
1928 1494 2209 1567 stimuliS‚

311 1594 498 1664 atque
538 1586 673 1664 ipsa
712 1585 1064 1665 Agrippina
1104 1588 1288 1665 paulo
1332 1589 1716 1662 commotior,
1744 1589 1862 1649 nisi
1903 1590 2069 1675 quod
2114 1610 2237 1651 cas-

310 1682 492 1741 titate
523 1692 589 1742 et
614 1682 822 1741 mariti
860 1702 1066 1743 amore
1096 1685 1376 1764 quamvis
1415 1684 1788 1745 indomitum
1831 1687 2104 1745 animum
2143 1686 2209 1750 in

308 1778 544 1838 bonum
585 1780 886 1840 vertebat.
2247 1799 2312 1843 15

421 1877 514 1935 34.
601 1876 726 1936 Sed
757 1877 1156 1938 Germanicus
1186 1885 1421 1957 quanto
1455 1898 1729 1938 summae
1771 1880 1902 1958 spei
1942 1880 2207 1959 propior,

307 1980 487 2034 tanto
517 1973 851 2054 impensius
880 1994 991 2055 pro
1021 1975 1270 2036 Tiberio
1299 1975 1435 2049 niti,
1465 1995 1651 2056 seque
1691 1985 1755 2037 et
1787 1976 2101 2056 proximos
2143 1988 2209 2039 et

307 2070 644 2152 Belgarum
668 2073 950 2133 civitates
974 2073 1036 2131 in
1054 2074 1245 2132 verba
1267 2075 1402 2153 ejus
1426 2073 1641 2151 adigit.
1721 2074 1967 2136 Dehinc
1988 2076 2204 2136 audito

306 2169 624 2248 legionum
650 2170 940 2243 tumultu,
962 2170 1190 2248 raptim
1217 2170 1534 2249 profectus
1562 2171 1775 2231 obvias
1804 2183 1980 2232 extra
2008 2183 2208 2233 castra

305 2266 542 2341 habuit,
602 2266 857 2346 dejectis
911 2267 976 2326 in
1033 2276 1266 2326 terram
1320 2268 1514 2330 oculis
1569 2269 1743 2327 velut
1801 2269 2201 2347 paenitentia.
2278 2284 2310 2329 5

305 2361 650 2442 Postquam
676 2365 908 2424 vallum
943 2363 1099 2434 iniit,
1128 2364 1360 2423 dissoni
1390 2374 1641 2443 questus
1683 2366 1883 2424 audiri
1925 2385 2203 2445 coepere.
2245 2369 2317 2468 st<

304 2458 392 2520 Et
421 2461 673 2540 quidam
701 2429 922 2540 prensa
951 2481 1137 2520 manu
1173 2462 1304 2540 ejus
1344 2481 1456 2540 per
1497 2462 1763 2540 speciem
1807 2463 2205 2523 exosculandi

304 2556 691 2617 inseruerunt
720 2558 969 2637 digitos,
997 2568 1070 2618 ut
1096 2578 1292 2618 vacua
1321 2558 1611 2617 dentibus
1644 2577 1753 2617 ora
1780 2548 2199 2637 contingeret:

305 2654 411 2714 alii
452 2664 707 2715 curvata
747 2656 917 2716 senio
961 2656 1236 2717 membra
1276 2656 1702 2715 ostendebant.
1784 2654 2205 2715 Assistentem

304 2752 682 2824 concionem,
706 2752 848 2831 quia
875 2753 1182 2831 permixta
1209 2753 1554 2827 videbatur,
1580 2752 1894 2812 discedere
1923 2752 1988 2810 in
2017 2752 2205 2810 mani·
2245 2766 2308 2811 10
2392 2809 2398 2815 .

303 2848 482 2928 pulos
521 2849 734 2928 jubet:
783 2849 869 2909 sic
909 2850 1128 2909 melius
1172 2850 1493 2910 audituros
1536 2841 1932 2928 responsum:
1974 2848 2203 2907 vexilla

301 2944 617 3024 praeferri,
649 2953 718 3005 ut
744 2946 811 3004 id
840 2948 1057 3006 saltem
1100 2946 1480 3006 discerneret
1519 2947 1835 3006 cohortes:
1878 2945 2056 3004 tarde
2100 2945 2203 3003 ob-

300 3049 746 3120 temperavero.
824 3042 1004 3103 Tunc
1033 3062 1070 3102 a
1097 3043 1495 3105 veneratione
1524 3042 1800 3123 Augusti
1826 3061 1998 3101 orsus
2025 3040 2201 3100 flexit

301 3138 381 3197 ad
415 3138 704 3199 victorias
745 3141 1214 3220 triumphosque
1244 3140 1498 3214 Tiberii,
1526 3138 1870 3219 praecipuis
1911 3136 2199 3197 laudibus

300 3234 616 3295 celebrans
656 3239 820 3314 'quae
870 3236 1038 3315 apud
1082 3236 1445 3295 Germanias
1499 3236 1620 3294 illis
1668 3255 1808 3295 cum
1857 3233 2199 3313 legionibus
2243 3249 2304 3293 15

297 3331 711 3411 pulcherrima
750 3332 1016 3393 fecisset.
1099 3331 1318 3393 Italiae
1361 3332 1510 3392 inde
1552 3350 1937 3404 consensum,
1974 3329 2200 3390 Gallia-

296 3448 435 3487 rum
461 3428 652 3488 fidem
687 3430 964 3503 extollit3
1005 3429 1093 3488 nil
1133 3448 1394 3508 usquam
1435 3427 1755 3488 turbidum
1799 3436 1907 3487 aut
1947 3427 2199 3488 discors·

302 3524 563 3585 Silentio
592 3526 747 3586 haec
775 3526 874 3586 vel
903 3546 1214 3612 murmure
1243 3525 1488 3586 modico
1517 3525 1731 3585 audita
1759 3533 1921 3585 sunt.

1252 3628 1283 3674 3
