2738 4048
882 284 1287 332 ANNALIUM
1329 286 1550 333 LIBER
1596 286 1893 334 Pssmus.
2287 272 2372 338 53

357 443 766 507 secundarum
796 442 1344 523 ambiguarumque
1379 463 1587 503 rerum
1626 444 1823 504 sciens
1852 463 2047 523 eoque
2075 443 2260 503 inter-

356 528 531 603 ritus,
616 539 819 621 Igitur
857 540 1067 600 futura
1094 542 1351 600 volvens
1393 561 1518 600 non
1562 542 1730 600 aliud
1770 543 2042 620 repperit
2072 562 2259 620 quam

358 651 428 701 ut
472 642 716 707 hostem
762 638 932 698 silvis
980 650 1308 712 coerceret,
1355 639 1552 699 donec
1601 639 1791 699 saucii
1836 650 2259 719 quantumque

356 738 655 818 gravioris
703 737 968 817 agminis
1016 737 1357 812 anteirent3
1403 756 1549 796 nam
1591 737 1797 797 medio
1839 738 2144 797 montium
2195 746 2260 797 et

356 836 654 914 paludum
702 834 1138 914 porrigebatur
1189 834 1497 913 planities,
1547 853 1704 913 quae
1760 845 2012 893 tenuem
2067 833 2264 893 aciem
2304 847 2365 892 20

402 943 691 993 ateretur.
787 932 1167 1010 Deliguntur
1206 931 1500 1009 legiones,
1543 930 1759 1009 quinta
1798 931 2020 991 dextro
2061 930 2258 1005 lateri,

357 952 801 1187 §netvicesima
835 1029 901 1088 in
935 1029 1200 1101 laevum,
1229 1028 1496 1106 primani
1525 1027 1879 1087 ducendum
1907 1027 1987 1087 ad
2017 1047 2258 1109 agmen,

399 1124 765 1184 icesimanus
794 1123 1123 1183 adversum
1151 1132 1488 1181 secuturos.

465 1221 561 1281 65.
644 1221 793 1281 Nox
839 1240 951 1300 per
1005 1220 1250 1280 diversa
1303 1218 1563 1298 inquieS‚
1609 1237 1752 1278 cum
1797 1217 2040 1278 barbari
2085 1217 2260 1278 festis

358 1319 572 1397 epulis,
601 1318 764 1378 laeto
794 1327 998 1392 cantu,
1031 1326 1138 1377 aut
1165 1315 1327 1376 truci
1354 1335 1574 1376 sonore
1602 1315 1880 1394 subjecta
1905 1315 2161 1374 vallium
2188 1334 2261 1374 ac

355 1416 711 1476 resultantis
749 1417 942 1476 saltus
979 1415 1399 1493 complerent;
1443 1414 1609 1492 apud
1640 1412 1958 1473 Romanos
1999 1412 2260 1472 invalidi

356 1512 549 1592 ignes,
585 1512 965 1591 interruptae
1006 1532 1208 1583 voces,
1250 1521 1438 1591 atque
1480 1510 1598 1588 ipsi
1637 1509 1866 1589 passim
1909 1509 2260 1588 adjacerent

355 1610 539 1683 va110,
567 1609 923 1671 oberrarent
962 1609 1262 1683 tentoriis,
1301 1610 1615 1669 insomnes
1656 1606 1853 1685 magis
1895 1626 2081 1684 quam
2120 1626 2258 1684 per·
2332 1620 2364 1666 5

356 1705 594 1785 vigiles.
665 1706 1028 1786 Ducemque
1056 1707 1281 1767 terruit
1309 1707 1446 1765 dira
1474 1705 1679 1784 quies:
1709 1723 1855 1762 nam
1885 1702 2259 1774 Quintilium

356 1801 599 1863 Varum
626 1803 923 1883 sanguine
951 1804 1212 1865 oblitum
1243 1812 1307 1863 et
1330 1803 1660 1882 paludibus
1684 1818 1986 1860 emersum
2008 1819 2257 1860 cernere

357 1909 423 1960 et
451 1901 660 1960 audire
688 1902 856 1962 visus
891 1911 987 1962 est
1015 1903 1188 1963 velut
1215 1912 1562 1975 vocantem,
1592 1921 1719 1961 non
1761 1909 1973 1960 tamen
2011 1899 2260 1960 obsecu-

355 2006 459 2059 tus
488 2008 555 2059 et
579 2018 832 2059 manum
859 1999 1241 2061 intendentis
1268 2000 1627 2079 reppulisse.
1689 1998 1929 2079 Coepta
1957 2000 2094 2060 luce
2121 1997 2259 2059 mis-

356 2115 458 2155 sae
513 2096 578 2155 in
632 2097 827 2182 latera
881 2097 1171 2177 legiones,
1226 2108 1401 2159 metu
1452 2119 1530 2159 an
1588 2099 1992 2173 contumacia,
2052 2099 2260 2159 locum
2301 2111 2362 2157 10

355 2192 696 2268 deseruere,
719 2205 900 2273 capto
929 2215 1187 2273 propere
1211 2215 1429 2275 campo
1451 2197 1773 2256 humentia
1795 2197 1974 2257 ultra.
2033 2195 2256 2275 Neque

355 2299 567 2350 tamen
592 2292 931 2365 Arminius,
963 2311 1335 2372 quamquam
1363 2293 1557 2354 libero
1586 2293 1852 2368 incu‘rsu,
1882 2294 2094 2355 statim
2123 2315 2257 2373 pro-

354 2388 555 2466 rupit:
612 2388 721 2448 sed
770 2397 841 2448 ut
890 2390 1141 2449 haesere
1190 2409 1383 2449 caeno
1437 2390 1737 2470 fossisque
1792 2392 2255 2471 impedimenta,

354 2484 587 2544 turbati
628 2485 855 2545 circum
896 2487 1140 2560 militeS,
1182 2487 1454 2548 incertus
1496 2490 1811 2569 signorum
1852 2490 2023 2563 ord0,
2063 2499 2256 2568 utque

352 2581 464 2640 tali
491 2581 555 2640 in
584 2591 861 2661 tempore
900 2583 1015 2643 sibi
1050 2584 1309 2664 quisque
1350 2605 1646 2664 properus
1688 2595 1751 2645 et
1794 2586 2000 2645 lentae
2043 2586 2256 2644 adver·
2297 2600 2361 2646 15

354 2697 491 2737 sum
531 2678 789 2757 imperia
830 2699 1023 2754 aures,
1067 2681 1405 2760 irrumpere
1449 2682 1790 2742 Germanos
1822 2682 2023 2761 jubet,
2053 2681 2258 2741 clami-

351 2784 493 2836 tans
520 2781 627 2835 ‘en
648 2775 853 2837 Varus
877 2777 1217 2858 eodemque
1239 2779 1469 2839 iterum
1488 2779 1615 2839 fato
1636 2779 1883 2839 vinctae
1913 2778 2251 2858 legiones!'
2265 2799 2357 2873 4-

355 2870 554 2931 Simul
602 2873 772 2946 haec,
822 2883 886 2933 et
925 2895 1067 2934 cum
1113 2875 1372 2935 delectis
1418 2875 1645 2935 scindit
1690 2894 1912 2954 agmen
1962 2874 2255 2954 equisque

352 2970 617 3029 maxime
645 2971 905 3031 vulnera
942 2971 1187 3052 ingerit.
1271 2972 1375 3031 Illi
1415 2972 1715 3051 sanguine
1758 2992 1869 3032 suo
1912 2980 1976 3031 et
2018 2970 2254 3031 lubrico

349 3067 649 3145 paludum
676 3068 989 3147 lapsantes
1019 3069 1288 3129 excussis
1324 3070 1666 3129 rectoribus
1696 3068 1980 3148 disjicere
2023 3067 2254 3142 obvios,
2295 3083 2358 3128 20

348 3172 661 3242 proterere
698 3166 996 3244 jacentes.
1081 3165 1397 3225 Plurimus
1427 3166 1588 3225 circa
1616 3165 1849 3244 aquilas
1878 3164 2067 3239 labor,
2098 3184 2254 3243 quae

350 3279 550 3339 neque
579 3262 723 3321 ferri
753 3263 1083 3323 adversum
1112 3263 1466 3342 ingruentia
1494 3264 1619 3321 tela
1647 3281 1846 3340 neque
1888 3262 1997 3341 figi
2038 3262 2257 3322 limosa.

348 3357 539 3416 humo
567 3369 875 3437 poterant.
948 3360 1212 3421 Caecina
1241 3361 1392 3418 dum
1422 3367 1728 3418 sustentat
1757 3358 1968 3431 aciem,
1991 3359 2255 3419 suffosso

348 3473 509 3532 equo
534 3456 821 3536 delapsus
851 3456 1461 3529 circumveniebatur,
1485 3455 1550 3514 ni
1578 3455 1774 3534 prima
1802 3456 1964 3534 legio
1994 3476 2124 3516 sese
2154 3477 2257 3536 op-

347 3552 674 3630 posuisset.
756 3552 799 3613 J
804 3553 937 3613 uvit
970 3552 1245 3614 hostium
1285 3552 1565 3626 aviditas,
1596 3552 1822 3613 omissa
1863 3553 2050 3613 caede
2091 3572 2255 3633 prae-
2302 3567 2360 3613 25

2459 1107 2468 1149 Γ
2523 1136 2626 1165 &vx
