2738 4048
387 258 513 321 114
951 272 1345 320 EXCERPTA
1389 273 1819 321 TAGITLANA.

383 445 413 490 5
493 439 666 491 tutus
705 430 860 504 locO,
901 448 1042 488 cum
1085 439 1262 508 terga
1301 429 1572 503 flumine,
1615 431 1812 490 latera
1852 430 2104 511 objectu
2146 431 2393 510 paludis

489 536 886 607 tegerentur:
915 526 1081 605 quod
1111 526 1163 584 si
1193 525 1491 586 adfuisset
1517 526 1691 600 fides,
1722 536 1828 587 aut
1857 527 2122 606 opprimi
2151 529 2396 588 univer-

490 624 571 684 sis
615 624 1094 684 Vitellianorum
1136 622 1373 682 viribus
1415 622 1575 682 duae
1616 623 1908 702 legioneS,
1936 610 2214 683 nondum
2255 644 2398 684 con-

494 722 716 801 juncto
735 721 1011 780 Moesico
1030 719 1322 793 exercitu,
1341 729 1618 798 potuere,
1639 730 1746 779 aut
1768 731 1935 781 retro
1955 731 2128 781 actae
2149 722 2397 782 deserta

490 817 674 877 Italia
716 826 962 894 turpem
1002 818 1215 895 fugam
1253 817 1714 876 conscivissent.
1790 817 1925 895 ‚Sed
1969 817 2238 878 Caecina
2280 839 2395 897 per

382 929 444 975 10
488 914 686 973 varias
734 932 936 973 moras
990 914 1192 992 prima
1239 912 1521 973 hostibus
1572 912 1847 991 prodidit
1891 923 2178 993 tempora
2223 915 2392 988 belli,

491 1012 643 1070 dum
672 1029 825 1088 quos
855 1009 1038 1068 armis
1066 1009 1296 1087 pellere
1325 1020 1685 1089 promptum
1714 1019 1849 1069 erat
1879 1010 2159 1089 epistolis
2201 1010 2396 1071 incre-

488 1116 614 1187 pat,
637 1107 835 1166 donec
857 1126 966 1185 per
987 1107 1237 1166 nuntios
1258 1115 1444 1185 pacta
1461 1106 1755 1186 perfidiae
1777 1106 2065 1166 firmaret.
2125 1106 2393 1167 Interim

487 1204 773 1283 Aponius
821 1203 1192 1263 Saturninus
1248 1223 1391 1262 cum
1444 1203 1688 1282 legione
1742 1198 2007 1281 septima
2047 1203 2394 1264 Claudiana

487 1301 778 1362 advenit:
821 1300 1048 1379 legioni
1075 1300 1360 1359 tribunus
1389 1299 1735 1379 Vipstanus
1765 1299 2057 1373 Messalla
2083 1310 2389 1380 praeerat,

381 1414 442 1461 15
484 1399 664 1460 claris
693 1398 1051 1479 majoribus,
1076 1397 1361 1477 egregius
1389 1396 1522 1476 ipse
1552 1407 1617 1457 et
1646 1397 1752 1477 qui
1782 1398 1947 1457 solus
1970 1398 2048 1456 ad
2072 1398 2137 1457 id
2157 1399 2392 1458 bellum

487 1506 649 1557 artes
676 1497 869 1556 bonas
899 1494 1227 1555 attulisset.
1281 1494 1416 1553 Has
1441 1495 1521 1553 ad
1541 1494 1749 1573 copias
1779 1513 2167 1574 nequaquam
2191 1495 2392 1556 Vitel-

486 1594 666 1654 lianis
706 1613 884 1673 pares
932 1592 1189 1671 (quippe
1232 1601 1357 1650 tres
1402 1592 1605 1651 adhuc
1647 1590 1923 1670 legiones
1965 1599 2173 1670 erant)
2220 1592 2392 1652 misit

486 1691 778 1771 epistolas
810 1689 1092 1761 Caecina,
1122 1687 1542 1748 temeritatem
1569 1687 1738 1747 victa
1772 1707 1943 1747 arma
1982 1688 2388 1749 tractantium

487 1787 812 1847 incusans:
868 1786 1050 1846 simul
1095 1785 1291 1844 virtus
1337 1784 1692 1844 Germanici
1739 1784 2046 1845 exercitus
2102 1785 2389 1845 laudibus

379 1899 443 1945 20
484 1885 898 1958 attollebatur,
929 1883 1173 1944 Vitellii
1201 1882 1446 1941 modica
1474 1891 1539 1942 et
1568 1881 1809 1961 vulgari
1846 1881 2179 1956 mentione,
2208 1882 2380 1941 nulla

485 1982 552 2042 in
593 1981 1046 2061 Vespasianum
1096 1979 1507 2041 contumelia:
1548 1978 1705 2038 nihil
1758 1999 2007 2059 prorsus
2057 1979 2223 2060 quod
2279 1988 2388 2040 aut

489 2087 913 2156 corrumperet
962 2078 1206 2137 hostem
1250 2086 1358 2136 aut
1409 2085 1685 2136 terreret.
1769 2076 2209 2136 Flavianarum
2252 2096 2389 2157 par-

487 2176 648 2236 tium
696 2176 901 2248 duceS,
949 2176 1173 2234 omissa
1216 2174 1439 2254 prioris
1492 2175 1781 2234 fortunae
1837 2176 2220 2249 defensione,
2271 2195 2386 2253 pro

488 2271 874 2351 Vespasiano
932 2272 1278 2351 magnifice,
1329 2292 1440 2351 pro
1497 2291 1681 2332 causa
1734 2272 2017 2346 fidenter,
2076 2273 2154 2332 de
2210 2272 2387 2333 exitu

294 2414 301 2422 ·
380 2384 444 2431 25
486 2369 702 2444 securi,
733 2369 794 2428 in
824 2368 1152 2429 Vitellium
1194 2378 1263 2429 ut
1304 2368 1536 2429 inimici
1565 2388 2046 2449 praesumpsere,
2073 2369 2242 2430 facta
2281 2370 2388 2429 tri-

487 2468 668 2528 bunis
696 2466 1279 2547 centurionibusque
1308 2468 1619 2527 retinendi
1663 2488 1819 2548 quae
1850 2468 2145 2528 Vitellius
2187 2467 2386 2527 indul-

487 2567 664 2627 sisset
719 2586 863 2646 spe;
924 2576 1109 2645 atque
1166 2565 1367 2645 ipsum
1425 2565 1753 2626 Caecinam
1808 2586 1933 2625 non
1990 2566 2246 2626 obscure
2303 2564 2385 2624 ad

484 2664 919 2724 transitionem
974 2662 1402 2723 hortabantur.
1492 2662 1835 2732 ,Recitatae
1904 2683 2018 2742 pro
2086 2662 2384 2723 concione

486 2761 782 2841 epistolae
826 2760 1122 2819 addidere
1178 2759 1486 2833 fiduciam,
1529 2759 1697 2838 quod
1752 2759 2050 2819 submisse
2102 2759 2385 2832 Caecina,

377 2870 441 2918 30
483 2858 658 2917 velut
713 2856 1031 2917 offendere
1074 2855 1533 2934 Vespasianum
1580 2855 1824 2928 timens,
1872 2855 2146 2935 ipsorum
2197 2857 2386 2916 duces

485 2953 890 3033 contemptim
919 2962 1211 3032 tanquam
1245 2952 1614 3012 insultantes
1638 2952 1900 3012 Vitellio
1931 2952 2329 3030 scripsissent.

569 3053 663 3112 10.
722 3052 1023 3110 Adventu
1045 3049 1270 3109 deinde
1301 3049 1561 3109 duarum
1589 3050 1925 3128 legionum,
1950 3069 1983 3109 e
2013 3050 2235 3129 quibus
2264 3061 2387 3110 ter-

484 3148 637 3207 tiam
658 3147 884 3208 Dillius
905 3146 1288 3225 AponianuS,
1308 3154 1594 3205 octavam
1623 3145 1946 3206 Numisius
1975 3144 2186 3225 Lupus
2209 3147 2388 3205 duce-

482 3244 653 3319 bant,
683 3255 995 3305 ostentare
1025 3244 1186 3304 vires
1217 3253 1280 3303 et
1310 3243 1563 3303 militari
1593 3244 1754 3302 vallo
1786 3243 2103 3303 Veronam
2134 3243 2390 3302 circum-

484 3341 631 3401 dare
652 3343 902 3420 placuit.
958 3341 1149 3401 Forte
1173 3340 1513 3400 Galbianae
1541 3340 1773 3418 legioni
1801 3339 1865 3399 in
1890 3340 2149 3399 adversa
2177 3340 2386 3399 fronte

376 3451 407 3498 5
481 3437 631 3498 valli
649 3458 804 3516 opus
824 3446 1109 3510 cesserat,
1126 3446 1189 3496 et
1209 3437 1562 3515 visiprocul
1579 3435 1884 3496 sociorum
1906 3436 2144 3518 equites
2161 3454 2390 3496 vanam

482 3533 883 3594 formidinem
922 3542 996 3593 ut
1035 3534 1245 3593 hostes
1301 3533 1522 3592 fecere.
1604 3531 1960 3612 Rapiuntur
1989 3549 2174 3592 ‘arma
2216 3542 2390 3593 metu
