2738 4048
833 276 1236 324 ANNALIUM
1279 277 1500 323 LIBER
1543 276 1843 323 PRIMUS.

366 433 664 495 incedunt
698 444 966 494 maestos
1003 435 1171 494 locos
1200 434 1457 513 visuque
1501 454 1572 495 ac
1612 434 1910 494 memoria
1951 433 2262 495 deformis.

368 532 582 591 Prima
613 530 772 590 Vari
814 540 1012 590 castra
1052 531 1179 589 lato
1223 532 1460 590 ambitu
1503 541 1566 591 et
1607 531 1903 592 dimensis
1943 532 2261 611 principiis

367 628 558 688 trium
612 627 929 706 legionum
988 646 1207 686 manus
1267 628 1697 703 ostentabant3
1769 628 1914 688 dein
1969 630 2264 689 semiruto

365 726 551 799 vallo,
579 724 795 783 humili
821 724 989 783 fossa
1017 723 1250 783 accisae
1282 724 1417 802 jam
1458 724 1750 803 reliquiae
1792 726 2141 785 consedisse
2176 725 2265 784 in-

366 821 840 901 telligebantur:
881 820 1089 879 medio
1118 820 1321 898 campi
1350 820 1622 880 albentia
1658 840 1815 894 ossa,
1844 831 1917 882 ut
1956 822 2266 902 fugerant,

367 929 438 980 ut
464 918 842 990 restiterant,
872 916 1133 995 disjecta
1158 918 1259 976 vel
1288 927 1595 995 aggerata.
1675 917 2076 998 Adjacebant
2104 919 2270 999 frag-

366 1016 535 1075 mina
561 1015 831 1074 telorum
857 1030 1279 1092 equorumque
1301 1025 1492 1087 artuS,
1515 1013 1697 1073 simul
1725 1015 1956 1074 truncis
1979 1015 2266 1077 arborum

368 1111 638 1172 antefixa
692 1128 816 1170 ora.
896 1108 1080 1169 Lucis
1133 1109 1494 1189 propinquis
1546 1110 1841 1170 barbarae
1897 1131 2054 1186 arae,
2096 1113 2263 1191 apud

368 1228 519 1289 quas
557 1207 842 1267 tribunos
870 1226 942 1268 ac
970 1205 1309 1285 primorum
1343 1207 1636 1266 ordinum
1678 1207 2068 1268 centuriones
2109 1230 2268 1272 mao-

366 1314 671 1366 taverant.
752 1303 838 1364 Et
869 1303 1061 1363 cladis
1103 1305 1239 1383 ejus
1281 1303 1659 1382 superstites,
1686 1324 1963 1384 pugnam
1999 1315 2108 1365 aut
2135 1307 2267 1366 vin-

368 1403 506 1462 cula
533 1401 743 1482 elapsi,
772 1401 1124 1461 referebant
1152 1400 1254 1459 hic
1282 1400 1576 1461 cecidisse
1605 1402 1862 1480 legatos,
1891 1402 2019 1462 illic
2055 1414 2265 1482 raptas

368 1501 633 1579 aquilas3
671 1500 938 1580 primum
966 1499 1071 1558 ubi
1100 1500 1323 1559 vulnus
1351 1500 1526 1559 Varo
1557 1502 1864 1574 adactum,
1894 1501 1999 1560 ubi
2028 1500 2266 1560 infelici

367 1597 629 1658 dextera
667 1607 733 1657 et
774 1617 885 1657 suo
926 1597 1057 1656 ictu
1098 1608 1365 1659 mortem
1405 1597 1748 1672 invenerit3
1807 1618 1927 1676 quo
1969 1597 2264 1657 tribunali

368 1693 769 1753 concionatus
822 1693 1159 1766 Arminius,
1217 1702 1369 1772 quot
1423 1693 1703 1772 patibula
1769 1693 2050 1772 captivis,
2106 1713 2263 1772 quae

368 1791 631 1864 scrobes,
660 1801 851 1868 utque
879 1788 1069 1868 signis
1099 1799 1163 1849 et
1192 1790 1412 1870 aquilis
1439 1809 1550 1868 per
1577 1790 1925 1868 superbiam
1955 1790 2237 1850 illuserit.

476 1887 569 1946 62.
649 1887 855 1968 Igitur
897 1887 1356 1966 Romanus-qui
1400 1887 1618 1947 aderat
1659 1887 1988 1961 exercituS,
2018 1897 2266 1948 sextum

364 1994 508 2065 post
536 1986 729 2048 cladis
757 2006 1005 2061 annum,
1029 1986 1217 2047 trium
1244 1985 1562 2066 legionum
1590 2005 1745 2060 ossa,
1768 1986 1938 2046 nullo
1966 1994 2262 2047 noscente

367 2084 596 2145 alienas
635 2084 926 2165 reliquias
968 2105 1045 2144 an
1090 2105 1342 2145 suorum
1401 2085 1592 2145 humo
1634 2094 1900 2165 tegeret,
1936 2105 2148 2146 omnes
2191 2094 2265 2144 ut

366 2183 747 2261 conjunctOS,
803 2193 875 2243 ut
929 2182 1437 2262 consanguineOS,
1499 2193 1682 2243 aucta
1735 2184 1800 2243 in
1855 2184 2098 2244 hostem
2152 2182 2262 2256 ira,

363 2280 584 2341 maesti
614 2281 795 2340 simul
823 2291 887 2341 et
914 2280 1134 2340 infensi
1163 2280 1537 2341 condebant.
1607 2282 1888 2342 Primum
1917 2282 2261 2342 extruendo

363 2378 607 2440 tumulo
637 2377 973 2457 caespitem
1002 2379 1227 2440 Caesar
1252 2380 1482 2458 posuit,
1510 2379 1858 2458 gratissimo
1900 2399 2154 2438 munere
2195 2379 2261 2438 in

365 2473 695 2535 defunctos
723 2484 787 2535 et
814 2476 1238 2554 praesentibus
1268 2476 1498 2535 doloris
1521 2476 1744 2535 socius.
1803 2475 1989 2547 Quod
2012 2474 2259 2534 Tiberio

363 2570 531 2629 haud
562 2571 909 2650 probatum,
939 2592 1046 2632 seu
1076 2583 1300 2633 cuncta
1328 2571 1681 2633 Germanici
1721 2571 1786 2630 in
1829 2571 2102 2631 deterius
2142 2580 2263 2630 tra-

363 2668 556 2742 henti,
586 2668 716 2728 sive
751 2669 1091 2728 exercitum
1131 2669 1400 2750 imagine
1439 2689 1755 2729 caesorum
1795 2667 2267 2746 insepultorum-

365 2784 483 2843 que
511 2767 828 2825 tardatum
870 2767 950 2825 ad
992 2766 1227 2845 proelia
1275 2777 1340 2827 et
1388 2765 1945 2826 formidolosiorem
1985 2763 2258 2822 hostium

366 2862 689 2936 credebat3
717 2882 917 2942 neque
947 2863 1388 2941 imperatorem
1411 2872 1713 2943 auguratu
1738 2871 1801 2922 et
1822 2859 2257 2921 vetustissimis

364 2958 750 3019 caerimoniis
778 2959 1128 3038 praeditum
1158 2970 1489 3020 attrectare
1517 2959 1734 3019 feralia
1761 2957 2064 3018 debuisse.

471 3056 566 3115 63.
652 3055 780 3115 Sed
816 3055 1215 3116 Germanicus
1256 3057 1582 3117 cedentem
1623 3056 1687 3115 in
1730 3054 1869 3114 avia
1905 3052 2261 3112 Arminium

363 3161 628 3227 secutus,
655 3152 761 3212 ubi
789 3153 1059 3232 primum
1087 3153 1265 3232 copia
1304 3153 1447 3226 fuit,
1476 3152 1656 3212 evehi
1686 3151 1923 3230 equites
1952 3169 2260 3228 campum-

363 3267 502 3326 que,
532 3268 716 3327 quem
742 3248 936 3309 hostis
964 3249 1293 3322 insederat,
1323 3249 1480 3328 eripi
1513 3249 1709 3328 jubet.
1791 3246 2111 3305 Arminius
2140 3247 2260 3307 col-

361 3343 473 3422 ligi
507 3364 651 3404 suos
689 3353 753 3406 et
787 3345 1197 3425 propinquare
1232 3346 1401 3406 silvis
1438 3344 1708 3404 monitos
1743 3343 1936 3403 vertit
1967 3352 2257 3422 repente:

360 3460 507 3500 mox
536 3440 781 3519 signum
809 3442 1253 3521 prorumpendi
1283 3441 1459 3501 dedit
1496 3441 1570 3501 iis
1599 3461 1751 3521 quos
1788 3460 1900 3519 per
1937 3442 2128 3500 saltus
2161 3460 2258 3501 oc-

361 3537 729 3599 cultaverat.
814 3539 990 3599 Tunc
1017 3559 1181 3600 nova
1209 3539 1338 3600 acie
1367 3538 1651 3599 turbatus
1680 3558 1884 3620 eques,
1913 3537 2257 3618 missaeque

2291 254 2374 321 51

2304 739 2370 785 10

2308 1224 2371 1272 15

2303 1708 2368 1754 20

2336 2197 2368 2242 5

2307 2682 2365 2726 10

2332 3455 2363 3499 5
