2738 4048
379 245 506 311 138
986 259 1379 337 ExcERPTA
1422 258 1852 307 TAcrrrANA.

378 433 441 478 10
480 436 724 476 morum
766 415 1073 476 contineri
1126 404 1327 495 putat,
1369 417 1599 476 meruit
1653 415 1850 494 magis
1904 434 2094 494 quam
2144 415 2386 476 habuit.

380 3139 440 3184 10

484 514 889 592 Reipublicae
932 513 1100 571 haud
1144 513 1330 572 dubie
1373 513 1673 572 intererat
1701 512 2034 573 Vitellium
2062 512 2249 584 vinci,
2276 511 2391 572 sed

483 611 790 689 imputare
838 600 1166 688 perfidiam
1207 628 1331 667 non
1381 619 1660 686 possunt,
1703 608 1810 687 qui
1858 608 2191 668 Vitellium
2234 608 2386 669 Ves-

484 708 737 786 pasiano
767 706 1115 783 prodidere,
1146 725 1289 764 cum
1317 725 1353 764 a
1382 706 1582 765 Galba
1611 704 2036 764 descivissent.

565 802 904 878 Praecipiti
932 802 995 860 in
1027 821 1311 860 occasum
1340 801 1440 859 die
1471 802 1551 861 ob
1580 821 1876 879 pavorem
1909 802 2389 880 magistratuum

484 907 983 975 senatorumque,
1008 897 1113 976 qui
1145 897 1368 974 dilapsi
1400 917 1481 956 ex
1504 899 1655 956 urbe
1684 907 1794 956 aut
1820 916 1931 976 per
1959 897 2181 957 domos
2204 898 2388 957 clien-

483 994 645 1052 tium
700 1002 895 1052 semet
951 993 1365 1065 occultabant,
1412 994 1624 1053 vocari
1679 1004 1928 1053 senatus
1984 1013 2109 1053 non
2155 994 2387 1072 potuit.

483 1090 933 1163 Domitianum,
982 1099 1312 1169 postquam
1357 1090 1516 1149 nihil
1560 1090 1785 1150 hostile
1841 1091 2255 1163 metuebatur,
2306 1091 2385 1150 ad

484 1188 670 1246 duces
710 1186 982 1266 partium
1024 1206 1421 1266 progressum
1463 1195 1528 1246 et
1559 1187 1887 1247 Caesarem
1930 1188 2388 1247 consalutatum

482 1284 657 1343 miles
685 1284 989 1365 fi·equenS‚
1011 1293 1203 1364 utque
1226 1292 1361 1343 erat
1388 1283 1454 1343 in
1484 1283 1690 1358 armis,
1711 1284 1777 1345 in
1805 1293 2099 1366 paternos
2126 1293 2387 1364 penates

484 1381 766 1443 deduxit.

596 2021 1269 2090 HISTORIARUM
1329 2022 1615 2090 LIBER
1677 2021 2151 2104 QUARTUS.

567 2255 619 2314 1.
687 2255 1026 2317 Interfecto
1060 2257 1324 2320 Vitellio
1364 2260 1600 2320 bellum
1639 2261 1835 2340 magis
1885 2260 2154 2321 desierat
2197 2279 2384 2339 quam

482 2371 606 2431 pax
636 2364 942 2433 coeperat.
1025 2354 1273 2415 Armati
1315 2377 1427 2435 per
1462 2358 1676 2416 urbem
1708 2360 1971 2418 victores
2012 2355 2388 2435 implacabili

484 2449 629 2509 odio
655 2451 854 2511 victos
884 2454 1398 2513 consectabantur
1424 2474 1438 2513 ε
1480 2456 1701 2533 plenae
1737 2455 2029 2514 caedibus
2070 2454 2226 2527 viae,
2257 2474 2389 2513 cru-

484 2556 631 2607 enta
657 2549 790 2608 fora
811 2551 1180 2630 templaque,
1209 2552 1437 2629 passim
1467 2552 1809 2625 trucidatis,
1829 2560 1901 2611 ut
1930 2550 2388 2632 quemquefors

486 2645 813 2705 obtulerat.
912 2647 1011 2705 Ac
1064 2667 1211 2707 mox
1267 2659 1635 2726 augescente
1691 2647 1944 2707 licentia
1998 2647 2257 2707 scrutari
2313 2665 2387 2705 ac

482 2743 844 2821 protrahere
868 2743 1141 2817 abditos3
1170 2743 1429 2822 siquem
1448 2764 1775 2822 procerum
1796 2744 2014 2804 habitu
2038 2752 2101 2803 et
2119 2744 2387 2823 juventa

485 2849 950 2916 conspexerant,
1007 2839 1393 2914 obtruncare,
1450 2842 1621 2901 nullo
1677 2842 1947 2900 militum
2004 2849 2111 2899 aut
2165 2839 2381 2919 populi

484 2934 872 2994 discrimine:
918 2954 1073 3013 quae
1103 2936 1363 2995 saevitia
1390 2938 1740 2997 recentibus
1771 2937 1925 2996 odiis
1955 2936 2254 3015 sanguine
2284 2955 2386 2994 ex-

482 3031 784 3108 plebatur,
829 3031 973 3090 dein
1014 3041 1291 3091 verterat
1339 3033 1402 3091 in
1460 3034 1803 3093 avaritiam.
1888 3033 2067 3092 Nihil
2124 3051 2383 3110 usquam

482 3138 789 3187 secretum
840 3137 948 3188 aut
990 3130 1266 3188 clausum
1316 3130 1621 3204 sinebant,
1664 3130 2039 3190 Vitellianos
2087 3127 2383 3190 occultari

484 3223 862 3285 simulantes,
939 3224 1197 3285 Initium
1226 3226 1292 3284 id
1321 3227 1904 3306 perfringendarum
1935 3228 2253 3299 domuum,
2282 3225 2386 3284 vel

486 3319 538 3378 si
578 3321 983 3394 resisteretur,
1026 3342 1208 3382 causa
1250 3325 1492 3398 caedis3
1535 3345 1648 3384 nec
1691 3326 1906 3383 deerat
1948 3324 2386 3403 egentissimus

485 3416 740 3495 quisque
779 3437 813 3477 e
855 3419 1036 3496 plebe
1081 3430 1145 3478 et
1185 3421 1435 3498 pessimi
1478 3421 1872 3480 servitiorum
1915 3420 2176 3498 prodere
2218 3419 2384 3478 ultro

486 3513 651 3572 dites
681 3514 998 3573 dominos:
1041 3516 1146 3574 alii
1175 3517 1251 3575 ab
1282 3518 1493 3578 amicis
1521 3518 2045 3577 monstrabantur.
2126 3515 2384 3594 Ubique
