2738 4048
734 662 1252 728 EXCERPTA
1315 662 2012 728 HISTORIARUM.

959 877 1293 938 LIBER
1358 844 1817 940 PRIMUS.

557 1094 613 1152 2.
684 1091 856 1172 Opus
898 1093 1229 1173 aggredior
1271 1093 1548 1172 opimum
1590 1094 1850 1168 casibus,
1886 1102 2066 1154 atrox
2106 1090 2379 1172 proeliiS,

475 1189 709 1251 discors
740 1190 1163 1263 seditionibus,
1184 1190 1318 1269 ipsa
1347 1191 1535 1249 etiam
1557 1210 1708 1269 pace
1732 1210 2002 1250 saevum»
2061 1175 2379 1261 Quattuor

474 1287 781 1367 principes
828 1287 992 1347 ferro
1049 1287 1443 1365 interempti:
1500 1287 1668 1347 trina
1715 1289 1876 1347 bella
1927 1286 2152 1360 civilia,
2204 1287 2380 1365 plura
2411 1354 2426 1366 ,

371 1368 386 1377 “
476 1394 732 1444 externa
761 1404 832 1444 ac
860 1379 1220 1464 plerumque
1252 1384 1596 1463 permixta:
1639 1404 1969 1464 prosperae
2012 1385 2076 1442 in
2121 1384 2378 1458 oriente,

367 1496 398 1541 5
473 1483 766 1542 adversae
796 1482 860 1540 in
891 1482 1210 1541 occidente
1239 1501 1336 1540 res
1363 1501 1376 1540 :
1418 1481 1739 1540 turbatum
1767 1481 2106 1561 Illyricum,
2137 1480 2376 1540 Galliae

473 1588 784 1653 nutantes,
813 1578 1164 1658 perdomita
1195 1578 1525 1636 Britannia
1554 1588 1618 1636 et
1649 1578 1862 1638 statim
1904 1577 2170 1637 omissa:
2213 1596 2380 1637 coor-

473 1685 574 1736 tae
615 1677 679 1735 in
723 1696 835 1737 nos
869 1676 1290 1742 Sarmatarum
1332 1694 1404 1734 ac
1438 1675 1786 1734 Suevorum
1825 1684 2063 1754 gentem,
2096 1673 2380 1734 nobilita-

473 1783 575 1833 tus
594 1773 869 1833 cladibus
891 1773 1121 1833 mutuis
1140 1772 1366 1845 DacuS,
1388 1780 1559 1831 mota
1576 1792 1769 1850 prope
1790 1771 1978 1831 etiam
1997 1770 2377 1830 Parthorum

475 1889 644 1928 arma
698 1870 836 1928 falsi
885 1870 1156 1929 Neronis
1211 1868 1498 1927 ludibrio.
1581 1868 1727 1928 Jam
1771 1887 1917 1927 vero
1967 1867 2152 1927 Italia
2197 1866 2378 1926 novis

368 1979 427 2024 10
469 1966 746 2026 cladibus
785 1966 888 2026 vel
930 1975 1071 2045 post
1113 1967 1364 2044 longam
1408 1965 1793 2024 saeculorum
1835 1960 2056 2023 seriem
2098 1962 2378 2043 repetitis

419 2123 424 2126 ,
477 2063 720 2121 afflicta.
805 2063 1084 2121 Haustae
1141 2075 1247 2121 aut
1306 2064 1563 2122 obrutae
1609 2063 1856 2141 [urbes]
1895 2061 2373 2121 fecundissimae

476 2159 850 2238 Campaniae
911 2179 1072 2229 orae,
1120 2161 1266 2219 urbs
1321 2160 1624 2219 incendiis
1681 2169 1945 2232 vastata,
1996 2159 2377 2239 consumptis

475 2254 911 2334 antiquissimis
957 2256 1245 2330 delubris,
1291 2257 1424 2335 ipso
1470 2257 1777 2336 Capitolio
1823 2258 2051 2317 civium
2094 2257 2377 2317 manibus

471 2353 723 2411 incenso
742 2372 755 2411 :
779 2353 1050 2431 pollutae
1071 2354 1495 2428 caerimoniae,
1514 2340 1740 2434 magna
1758 2355 2063 2415 adulteria
2082 2374 2095 2413 :
2123 2356 2377 2433 plenum

367 2463 428 2510 15
472 2448 671 2509 exiliis
702 2469 886 2524 mare,
917 2449 1127 2510 infecti
1158 2451 1452 2512 caedibus
1483 2453 1735 2532 scopuli.
1804 2453 2102 2515 Atrocius
2128 2454 2191 2513 in
2224 2455 2376 2515 urbe

473 2546 815 2607 saevitum:
857 2547 1167 2621 nobilitaS,
1199 2568 1365 2628 opeS,
1397 2550 1601 2609 omissi
1633 2551 1914 2631 gestique
1955 2553 2219 2611 honores
2261 2572 2375 2631 pro

474 2644 745 2718 crimine,
803 2654 866 2704 et
923 2645 1003 2705 ob
1057 2646 1323 2707 virtutes
1380 2647 1787 2708 certissimum
1854 2649 2133 2709 exitium.
2237 2648 2377 2709 Nec

470 2742 674 2801 minus
702 2741 975 2820 praemia
1003 2742 1350 2803 delatorum
1381 2744 1583 2805 invisa
1612 2765 1795 2825 quam
1825 2747 2071 2819 scelera,
2100 2765 2241 2806 cum
2270 2746 2375 2805 alii

472 2839 815 2900 sacerdotia
844 2847 907 2897 et
937 2840 1287 2899 consulatus
1317 2850 1388 2901 ut
1419 2842 1614 2920 spolia
1652 2842 1879 2921 adepti,
1907 2844 2375 2922 procurationes

362 2951 423 2996 20
467 2936 569 2995 alii
601 2946 663 2995 et
690 2935 1045 2995 interiorem
1082 2938 1449 3015 potentiam,
1481 2948 1736 3018 agerent
1779 2949 2098 2999 verterent
2142 2948 2374 3000 cuncta

470 3033 616 3093 odio
646 3042 709 3092 et
737 3044 989 3093 terrore.
1060 3033 1353 3114 Corrupti
1383 3035 1446 3093 in
1476 3035 1759 3095 dominos
1787 3036 1966 3109 servi,
1988 3037 2052 3095 in
2080 3045 2374 3115 patronos

468 3129 713 3204 liberti3
755 3139 819 3191 et
851 3130 1073 3211 quibus
1104 3131 1321 3191 deerat
1350 3131 1651 3207 inimicuS,
1681 3152 1792 3211 per
1822 3132 2047 3193 amicos
2076 3131 2373 3212 oppressi.

552 3229 607 3287 3.
676 3226 822 3288 No'n
873 3238 1082 3289 tamen
1133 3229 1290 3288 adeo
1333 3229 1637 3289 virtutum
1680 3229 1887 3289 sterile
1930 3231 2260 3303 saeculum,
2303 3238 2376 3289 ut

470 3346 593 3385 non
624 3335 688 3385 et
713 3326 880 3386 bona
920 3327 1202 3404 exempla
1243 3327 1604 3405 prodiderit.
1693 3327 2040 3386 Comitatae
2082 3328 2375 3407 profugos

468 3422 692 3482 liberos
721 3432 967 3497 matres,
999 3432 1245 3482 secutae
1274 3423 1532 3483 maritos
1560 3424 1620 3482 in
1655 3423 1840 3483 exilia
1868 3424 2163 3503 conjuges
2180 3443 2197 3497 3
2238 3444 2377 3503 pro-

467 3517 686 3598 pinqui
742 3517 1062 3589 audentes,
1107 3526 1463 3578 constantes
1519 3518 1749 3597 generi,
1793 3527 2129 3579 contumax
2184 3518 2375 3577 etiam
