2738 4048
403 222 487 286 68
1012 233 1407 282 EXCERPTA
1450 231 1880 280 TACITIANA.

1565 299 1628 373 4

510 396 673 469 sint3
715 414 825 454 scu
864 393 1224 454 valetudine
1266 382 1806 470 praepediebatur,
1848 408 1960 448 seu
1998 388 2202 449 victus
2242 388 2421 448 luctu

511 493 752 551 animus
774 490 1274 569 magnitudinem
1303 488 1449 547 mali
1479 488 1756 567 perferre
1780 486 1918 545 visu
1947 506 2076 567 non
2103 487 2418 546 toleravit.

404 605 465 650 10
508 590 781 649 Facilius
812 586 1187 646 crediderim
1218 585 1469 644 Tiberio
1510 594 1573 643 et
1603 586 1909 661 Augusta,
1938 583 2045 661 qui
2075 584 2260 642 domo
2289 604 2417 642 non

512 686 918 756 excedebant,
950 683 1308 755 cohibitam,
1338 692 1409 740 ut
1439 702 1550 760 par
1579 700 1821 739 maeror
1855 690 1919 739 et
1961 679 2176 738 matris
2218 699 2419 738 exem-

509 786 613 862 plo
645 783 785 842 avia
814 800 1058 861 quoque
1091 790 1154 838 et
1184 791 1443 857 patruus
1474 777 1727 837 attineri
1755 776 2140 836 viderentur.
2189 771 2250 842 Ὺ

206 864 233 909 ⁹*
304 840 321 923 l
593 882 650 939 4.
720 881 890 952 Dies,
916 898 1036 958 quo
1067 876 1362 956 reliquiae
1395 876 1637 935 tumulo
1666 874 1943 953 Augusti
1973 872 2418 948 inferebantur,

512 979 701 1037 modo
743 997 854 1056 per
895 976 1212 1037 silentium
1253 983 1488 1046 vastus,
1519 972 1706 1031 modo
1748 971 2095 1051 ploratibus
2138 970 2419 1048 inquies;

511 1076 698 1154 plena
749 1075 917 1134 urbis
965 1074 1209 1145 itinera,
1259 1072 1642 1130 collucentes
1697 1089 1810 1148 per
1866 1087 2155 1146 campum
2195 1065 2419 1126 Martis

512 1173 699 1233 faces.
782 1172 920 1231 Illic
949 1173 1126 1231 miles
1155 1190 1298 1229 cum
1328 1168 1533 1241 armiS,
1564 1167 1695 1227 sine
1725 1165 2070 1245 insignibus
2098 1164 2421 1243 magistra

405 1285 435 1330 5
513 1280 634 1344 tuS,
663 1272 927 1350 populus
969 1289 1080 1348 per
1120 1268 1337 1340 tribuS,
1368 1265 1710 1326 concidisse
1752 1262 2220 1341 rempublicam,
2262 1261 2436 1320 nihil·

512 1367 644 1446 spei
666 1368 976 1446 reliquum
994 1365 1417 1437 clamitabant,
1436 1361 1786 1442 promptius
1810 1359 2206 1438 apertiusque
2231 1378 2419 1437 quam

394 1508 478 1525 ...-
512 1474 584 1523 ut
631 1463 986 1522 meminisse
1041 1461 1537 1540 imperitantium
1586 1458 1888 1518 crederes.
1971 1454 2149 1514 Nihil
2206 1464 2420 1515 tamen

512 1561 837 1621 Tiberium
865 1559 1063 1639 magis
1092 1558 1448 1638 penetravit
1483 1576 1668 1637 quam
1712 1553 1922 1614 studia
1962 1552 2284 1613 hominum
2325 1571 2422 1611 ac-

512 1678 695 1718 censa
718 1659 780 1717 in
804 1657 1241 1736 Agrippinam,
1265 1676 1406 1715 cum
1431 1655 1618 1713 decus
1638 1653 1896 1733 patriae,
1920 1653 2120 1712 solum
2140 1651 2421 1730 Augusti

405 1770 467 1815 10
510 1755 893 1833 sanguinem,
925 1755 1176 1813 unicum
1219 1751 1609 1832 antiquitatis
1651 1749 1964 1829 specimen
2008 1749 2416 1828 appellarent,

511 1853 796 1930 versique
837 1853 915 1910 ad
946 1853 1185 1910 caelum
1225 1870 1298 1909 ac
1340 1851 1492 1909 deos
1532 1849 1846 1927 integram
1886 1846 1979 1905 illi
2021 1846 2302 1906 subolem
2345 1865 2420 1905 ac

513 1949 911 2027 superstitem
940 1947 1295 2027 iniquorum
1323 1957 1746 2027 precarentur.

597 2044 654 2104 5.
725 2044 926 2103 Fuere
970 2045 1076 2123 qui
1117 2045 1350 2124 publici
1392 2045 1629 2104 funeris
1672 2063 1966 2123 pompam
2009 2042 2419 2122 requirerent,

515 2150 1068 2219 compararentque
1125 2160 1280 2220 quae
1336 2142 1401 2199 in
1449 2141 1723 2201 Drusum
1770 2151 2015 2220 patrem
2062 2139 2418 2199 Germanici

513 2237 751 2296 honora
785 2247 848 2296 et
884 2238 1212 2316 magnifica
1238 2237 1563 2317 Augustus
1605 2239 1896 2298 fecisset:
1939 2238 2144 2318 ipsum
2187 2238 2418 2317 quippe

513 2334 851 2412 asperrimo
882 2334 1101 2394 hiemis
1124 2335 1415 2394 Ticinum
1444 2355 1635 2415 usque
1665 2356 2061 2415 progressum
2090 2355 2290 2415 neque
2321 2336 2422 2395 ab·

406 2446 437 2491 5
515 2432 873 2492 scedentem
908 2452 944 2491 a
976 2451 1233 2512 corpore
1272 2434 1460 2511 simul
1502 2435 1719 2493 urbem
1758 2435 2121 2508 intravisse;
2164 2434 2419 2492 circum-

511 2528 674 2589 fusas
692 2529 852 2589 lecto
874 2530 1277 2590 Claudiorum
1294 2530 1336 2590 J
1341 2530 1731 2610 uliorumque
1751 2531 2053 2610 imagines
2073 2550 2089 2605 3
2119 2530 2420 2589 defletum

510 2626 574 2686 in
617 2626 775 2700 foro,
815 2627 1135 2686 laudatum
1175 2647 1289 2706 pro
1331 2627 1568 2701 rostris,
1599 2637 1823 2712 cuncta
1843 2615 1901 2706 &a
1940 2627 2281 2707 majoribus
2329 2645 2419 2685 re-

352 2730 485 2774 «ιβ’ν
511 2734 694 2805 perta
735 2734 843 2784 aut
885 2744 1041 2803 quae
1084 2725 1319 2803 posteri
1361 2713 2111 2832 invenerintJumulata:
2162 2734 2227 2784 at
2270 2723 2419 2783 Ger-

510 2822 755 2880 manico
785 2841 861 2880 nc
891 2821 1108 2881 solitos
1138 2823 1390 2901 quidem
1426 2833 1490 2883 et
1529 2823 1891 2902 cuicumque
1935 2822 2128 2882 nobili
2171 2821 2418 2882 debitos

406 2933 467 2978 10
508 2920 772 2978 honores
823 2917 1176 2996 contigisse.
1264 2919 1427 2979 Sane
1479 2940 1700 2998 corpus
1758 2921 1837 2979 ob
1894 2919 2415 2999 longinquitatem

510 3015 804 3074 itinerum
833 3015 1108 3075 externis
1150 3017 1334 3076 terris
1363 3037 1610 3097 quoquo
1653 3017 1841 3076 modo
1885 3025 2261 3076 crematum:
2304 3014 2417 3073 sed

510 3122 689 3172 tanto
719 3113 899 3192 plura
928 3114 1157 3174 decora
1184 3135 1329 3173 mox
1360 3115 1552 3173 tribui
1581 3134 1693 3192 par
1721 3114 1933 3187 fuisse,
1958 3123 2189 3192 quanto
2213 3111 2416 3190 prima

511 3210 640 3269 fors
682 3212 1056 3291 negavisset,
1102 3233 1226 3272 non
1269 3212 1547 3283 fratrem,
1583 3211 1701 3271 nisi
1743 3212 1924 3271 unius
1967 3210 2091 3269 diei
2132 3209 2256 3282 via,
2286 3229 2413 3267 non

511 3316 802 3384 patruum
832 3312 1051 3370 saltem
1081 3319 1264 3389 porta
1291 3319 1475 3368 tenus
1505 3309 1778 3367 obvium.
1835 3308 1965 3368 Ubi
1993 3307 2101 3365 illa
2128 3315 2414 3365 veterum

406 3416 467 3461 15
509 3402 817 3478 instituta,
846 3407 1231 3485 propositam
1261 3416 1399 3466 toro
1431 3405 1716 3484 effigiem,
1746 3405 2049 3464 meditata
2076 3404 2157 3464 ad
2185 3422 2418 3462 memo-

511 3499 670 3559 riam
710 3502 963 3562 virtutis
1006 3504 1298 3577 carmina,
1335 3513 1400 3563 et
1440 3503 1849 3574 laudationes,
1878 3511 1943 3562 et
1983 3501 2268 3561 lacrimas
2308 3499 2414 3558 vel

513 3596 747 3655 doloris
788 3596 1224 3657 imitamenta?

362 1920 397 1947 ‚2
