2738 4048
395 217 475 283 76
980 232 1369 281 EXCERPTA
1413 232 1841 281 TAOITIANA.

495 400 797 470 vectaque
840 390 1128 450 utensilia
1170 391 1246 450 ab
1290 388 1470 450 Ostia
1512 400 1575 450 et
1618 390 1980 470 propinquis
2021 382 2396 472 municipiis,

390 501 452 547 10
496 489 886 567 pretiumque
906 488 1203 546 frumenti
1223 488 1534 547 minutum
1552 507 1743 567 usque
1766 489 1843 546 ad
1862 500 2073 548 ternos
2090 511 2395 551 nummos.

499 585 672 656 Quae
719 605 1069 663 quanquam
1115 585 1436 662 popularia
1484 586 1547 643 in
1593 585 1837 644 irritum
1882 586 2209 660 cadebant,
2251 589 2397 668 quia

494 692 853 762 pervaserat
881 702 1092 741 rumor
1131 682 1266 760 ipso
1308 692 1590 761 tempore
1632 682 1951 761 flagrantis
1993 684 2165 744 urbis
2207 685 2393 745 inisse

495 799 638 837 eum
667 778 1069 837 domesticam
1105 798 1389 837 scaenam
1432 790 1496 837 et
1538 779 1830 838 cecinisse
1858 781 2195 859 Trojanum
2238 783 2396 842 exci-

246 850 266 903 χ
495 874 690 947 dium,
720 874 1068 953 praesentia
1096 875 1258 933 mala
1285 875 1550 935 vetustis
1579 875 1858 936 cladibus
1887 877 2365 938 assimulantem.

281 913 469 1056 &Nl
574 972 671 1029 40.
744 970 936 1029 Sexto
967 972 1218 1029 demum
1249 971 1350 1030 die
1391 973 1557 1050 apud
1597 971 1752 1032 imas
1781 972 2088 1053 Esquilias
2127 975 2266 1035 finis
2307 975 2396 1035 in-

495 1067 718 1127 cendio
772 1067 990 1140 factus,
1039 1066 1312 1148 prorutis
1363 1086 1476 1145 per
1527 1067 1900 1129 immensum
1956 1070 2271 1144 aedificiis,
2318 1058 2393 1132 ut

179 1066 236 1289 N
494 1165 824 1225 continuae
857 1165 1189 1225 violentiae
1233 1184 1487 1242 campus
1530 1176 1595 1226 et
1633 1168 1809 1226 velut
1844 1186 2111 1227 vacuum
2153 1169 2392 1227 caelum

493 1271 862 1322 occurreret.
966 1261 1256 1322 Necdum
1306 1261 1546 1340 positus
1599 1274 1825 1337 metus,
1873 1273 1938 1323 et
1982 1265 2171 1324 rediit
2224 1265 2392 1325 haud

386 1375 417 1419 5
490 1359 688 1419 levius
715 1378 961 1419 rursum
988 1368 1302 1437 grassatus
1329 1359 1510 1438 igniS,
1538 1360 1768 1438 patulis
1797 1360 1994 1440 magis
2021 1361 2192 1421 urbis
2218 1361 2391 1435 loci8‚

492 1476 688 1536 eoque
718 1467 953 1536 strages
983 1455 1306 1515 hominum
1333 1456 1578 1516 minor:
1621 1457 1881 1516 delubra
1922 1457 2111 1516 deum
2152 1467 2216 1518 et
2256 1478 2393 1537 por-

490 1554 651 1614 ticus
708 1553 1071 1613 amoenitati
1134 1553 1376 1613 dicatae
1434 1553 1619 1613 latius
1674 1554 2018 1632 procidere.
2117 1554 2390 1633 Plusque

491 1651 783 1710 infamiae
825 1651 890 1709 id
933 1651 1291 1710 incendium
1332 1651 1570 1724 habuit,
1600 1652 1744 1730 quia
1783 1651 2055 1730 praediis
2096 1651 2392 1729 Tigellini

490 1748 860 1807 Aemilianis
889 1760 1292 1828 proruperat3
1331 1748 1784 1827 videbaturque
1814 1748 1984 1807 Nero
2027 1748 2391 1808 condendae

385 1859 446 1904 10
487 1846 657 1904 urbis
702 1865 902 1905 novae
945 1855 1008 1905 et
1051 1855 1467 1926 cognomento
1519 1838 1628 1904 suo
1676 1844 2083 1924 appellandae
2128 1845 2392 1924 gloriam

491 1961 804 2020 quaerere.
890 1940 1136 2020 Quippe
1194 1944 1257 2001 in
1308 1942 1592 2021 regiones
1638 1941 2136 2020 quattuordecim
2187 1941 2393 2000 Roma

433 2117 438 2122 ‚
490 2038 810 2112 dividitur,
834 2058 1091 2117 quarum
1115 2049 1410 2118 quattuor
1431 2040 1712 2118 integrae
1734 2038 2086 2111 manebant,
2110 2047 2235 2098 tres
2256 2040 2390 2099 solo

489 2144 672 2196 tenus
702 2135 1023 2216 dejectae:
1066 2147 1302 2216 septem
1340 2138 1588 2215 reliquis
1623 2155 1821 2215 pauca
1859 2145 2168 2197 tectorum
2209 2137 2393 2196 vesti-

488 2232 594 2312 gia
622 2242 1003 2311 supererant,
1034 2232 1236 2293 lacera
1265 2244 1329 2293 et
1359 2243 1648 2293 semusta.

570 2329 668 2388 41.
754 2333 1064 2390 Domuum
1123 2340 1188 2390 et
1242 2331 1583 2390 insularum
1651 2339 1715 2389 et
1782 2331 2175 2409 templorum,
2231 2350 2389 2409 quae

491 2428 714 2488 amissa
754 2438 917 2502 sunt,
960 2449 1286 2488 numerum
1335 2428 1493 2488 inire
1542 2428 1709 2487 haud
1758 2438 2113 2506 promptum
2161 2427 2389 2489 fuerit:

489 2525 601 2586 sed
630 2526 1049 2586 vetustissima
1077 2526 1398 2606 religione,
1426 2525 1589 2605 quod
1618 2523 1871 2584 Servius
1894 2524 2134 2583 Tullius
2155 2523 2387 2598 Lunae,

487 2633 550 2683 et
580 2643 806 2701 magna
834 2643 939 2682 ara
972 2623 1328 2703 fanumque,
1361 2641 1518 2702 quae
1560 2621 1873 2700 praesenti
1906 2620 2160 2680 Herculi
2188 2621 2387 2680 Arcas

378 2734 411 2779 5
459 2719 781 2780 'Evander
821 2730 1191 2793 sacraverat,
1222 2720 1531 2798 aedesque
1577 2718 1841 2778 Statoris
1870 2717 2050 2779 Jovis
2087 2728 2239 2777 vota
2266 2716 2390 2777 Ro-

483 2818 654 2877 mulo
684 2816 1052 2895 Numaeque
1080 2817 1252 2895 regia
1293 2826 1358 2876 et
1402 2814 1727 2875 delubrum
1758 2815 1992 2874 Vestae
2023 2834 2161 2873 cum
2192 2814 2387 2873 Pena„

483 2915 650 2974 tibus
694 2913 908 2993 populi
951 2913 1218 2972 Romani
1265 2923 1521 2986 exusta;
1575 2914 1706 2993 jam
1756 2931 1906 2990 opes
1959 2920 2057 2970 tot
2106 2910 2385 2971 victoriis

483 3011 798 3090 quaesitae
857 3020 920 3070 et
970 3010 1345 3070 Graecarum
1404 3009 1629 3069 artium
1687 3009 1928 3081 decora,
1973 3008 2116 3066 exin
2172 3027 2387 3067 monu-

481 3118 694 3169 menta
728 3108 1121 3188 ingeniorum
1151 3108 1408 3187 antiqua
1448 3119 1512 3166 et
1554 3108 1950 3186 incorrupta:
1994 3105 2276 3184 quamvis
2317 3105 2383 3164 in

374 3220 439 3268 10
477 3213 655 3265 tanta
694 3205 1073 3285 resurgentis
1115 3205 1284 3263 urbis
1325 3203 1811 3282 pulchritudine,
1854 3202 2053 3262 multa
2107 3201 2383 3261 seniores

478 3301 896 3373 meminerint,
921 3321 1077 3380 quae
1107 3300 1382 3379 reparari
1411 3300 1769 3378 nequibant.
1827 3300 2030 3359 Fuere
2061 3298 2169 3378 qui
2198 3317 2383 3357 anno-

480 3407 691 3458 tarent
729 3398 934 3457 XIIII
979 3398 1123 3458 Kal.
1158 3397 1424 3457 Sextiles
1466 3396 1840 3476 principium
1878 3396 2149 3455 incendii
2191 3396 2382 3475 hujus

479 3504 705 3567 ortum,
737 3514 859 3572 quo
889 3503 952 3553 et
984 3494 1256 3553 Senones
1286 3504 1532 3573 captam
1576 3494 1791 3553 urbem
1834 3492 2378 3553 inflammaverint.
