2738 4048
338 264 466 329 152
905 282 1301 330 EXOERPTA
1345 281 1776 330 TAOITIANA.

442 458 627 512 ann0,
658 438 923 499 decumo
953 439 1272 499 Kalendas
1306 439 1689 519 Septembris
1720 439 1979 520 Collega
2004 439 2351 521 Priscoque

442 536 814 597 consulibus.
898 536 1083 608 Quod
1114 537 1165 596 si
1193 537 1474 596 habitum
1506 556 1751 616 quoque
1782 539 1918 617 ejus
1947 539 2180 617 posteri
2214 558 2353 599 nos-

333 650 365 695 5
443 655 581 695 cere
611 633 828 707 velint,
861 633 1182 692 decentior
1211 653 1393 712 quam
1425 634 1744 694 sublimior
1770 635 1927 707 fuit3
1960 634 2117 694 nihil
2143 644 2353 695 metus

441 733 504 792 in
543 733 762 792 vultu:
804 730 1010 809 gratia
1052 731 1175 790 oris
1217 741 1552 808 supererat.
1634 732 1884 790 Bonum
1923 733 2127 791 virum
2166 732 2351 791 facile

441 830 738 900 crederes,
760 847 1054 906 magnum
1085 827 1366 893 libenter.
1428 827 1514 887 Et
1542 827 1672 907 ipse
1697 828 1968 907 quidem,
1993 848 2352 908 quanquam

441 926 647 985 medio
686 926 748 984 in
792 924 993 1003 spatio
1035 923 1317 1003 integrae
1361 925 1582 984 aetatis
1625 933 1890 1003 ereptuS,
1921 934 2224 1003 quantum
2267 926 2352 984 ad

441 1023 720 1103 gloriam,
761 1020 1190 1101 longissimum
1233 1039 1456 1080 aevum
1500 1021 1771 1101 peregit3
1828 1021 2054 1100 quippe
2097 1030 2162 1081 et
2201 1041 2353 1081 vera

336 1136 394 1180 10
436 1121 618 1194 bona,
643 1140 796 1201 quae
826 1120 887 1179 in
920 1118 1252 1179 virtutibus
1282 1118 1401 1178 sita
1429 1128 1591 1192 sunt,
1622 1119 2006 1197 impleverat,
2031 1125 2095 1178 et
2124 1138 2343 1179 consu-

441 1219 554 1277 lari
598 1239 668 1278 ac
709 1216 1181 1296 triumphalibus
1225 1215 1605 1274 ornamentis
1646 1214 1951 1294 praedito,
1985 1215 2133 1295 quid
2176 1215 2350 1275 aliud

444 1324 716 1376 astruere
743 1316 991 1375 fortuna
1019 1320 1265 1393 poterat
1282 1313 1310 1370 ’.Ρ
1355 1311 1594 1390 Opibus
1622 1312 1825 1372 nimiis
1852 1332 1976 1372 non
1998 1311 2352 1391 gaudebat3

442 1413 752 1493 speciosae
790 1413 1196 1491 contigerant.
1281 1406 1447 1467 Filia
1477 1420 1662 1488 atque
1693 1429 1885 1470 uxore
1914 1409 2351 1488 superstitibus

440 1521 650 1590 potest
678 1510 879 1570 videri
910 1510 1096 1568 etiam
1126 1508 1359 1579 beatuS,
1392 1505 1687 1565 incolumi
1729 1506 2056 1586 dignitate,
2085 1506 2350 1567 florente

336 1624 398 1668 15
439 1610 625 1684 fama,
670 1610 851 1670 salvis
896 1608 1295 1668 affinitatibus
1338 1615 1402 1665 et
1446 1606 1748 1680 amicitiis,
1790 1606 2002 1667 futura
2043 1608 2348 1687 effugisse.

440 1706 608 1765 Nam
632 1707 814 1767 sicuti
843 1710 877 1744 ³*
922 1710 956 1744 ³*
991 1707 1209 1766 durare
1238 1706 1302 1765 in
1334 1706 1492 1763 hanc
1520 1703 1860 1763 beatissimi
1890 1704 2118 1764 saeculi
2145 1706 2353 1764 lucem

444 1822 516 1862 ac
557 1803 896 1883 principem
930 1804 1261 1883 Trajanum
1292 1802 1520 1874 videre,
1551 1800 1719 1879 quod
1764 1801 2019 1880 augurio
2062 1801 2350 1880 votisque

444 1902 607 1980 apud
655 1911 899 1961 nostras
945 1903 1107 1962 auris
1155 1900 1564 1970 ominabatur,
1614 1896 1704 1956 ita
1753 1897 2081 1957 festinatae
2129 1899 2350 1958 mortis

442 1999 677 2078 grande
719 1999 1015 2060 solacium
1056 1999 1219 2073 tulit,
1264 1996 1531 2059 evasisse
1575 2003 1958 2075 postremum
2000 1993 2155 2054 illud
2194 2002 2352 2055 tem-

334 2108 398 2154 20
439 2115 573 2172 pus,
605 2116 725 2174 quo
756 2096 1151 2155 Domitianus
1195 2116 1318 2155 non
1352 2096 1487 2175 jam
1529 2112 1641 2173 per
1681 2093 2011 2152 intervalla
2052 2112 2124 2153 ac
2166 2095 2353 2174 spira-

440 2202 655 2250 menta
682 2203 1052 2270 temporum,
1084 2193 1190 2252 sed
1224 2193 1520 2252 continuo
1550 2183 1614 2251 et
1642 2190 1817 2251 velut
1859 2209 1983 2251 uno
2023 2191 2154 2251 ictu
2192 2210 2353 2251 rem-

440 2288 751 2366 publicam
780 2290 1081 2350 exhausit.

522 2385 617 2445 45.
674 2386 823 2447 Non
851 2387 1013 2448 vidit
1039 2388 1336 2469 Agricola
1365 2392 1676 2451 obsessam
1704 2389 1955 2464 curiam,
1981 2398 2045 2451 et
2073 2390 2353 2451 clausum

444 2483 629 2544 armis
657 2495 962 2560 senatum,
987 2496 1051 2546 et
1081 2487 1298 2547 eadem
1319 2496 1525 2568 strage
1549 2499 1646 2549 tot
1669 2488 2085 2549 consularium
2108 2489 2352 2562 caedes,

441 2593 539 2643 tot
586 2583 1103 2644 nobilissimarum
1155 2585 1526 2644 feminarum
1576 2586 1759 2646 exilia
1809 2597 1874 2648 et
1921 2587 2117 2666 fugas.
2199 2585 2352 2646 Una

441 2680 645 2739 adhuc
673 2680 932 2740 victoria
966 2681 1159 2741 Carus
1188 2681 1424 2741 Metius
1453 2683 1836 2758 censebatur,
1865 2693 1929 2743 et
1966 2684 2133 2742 intra
2160 2682 2353 2742 Alba-

333 2791 365 2836 5
444 2798 588 2837 nam
645 2796 847 2836 arcem
903 2779 1212 2838 sententia
1268 2777 1585 2838 Messalini
1642 2781 1978 2859 strepebat,
2029 2788 2093 2839 et
2139 2778 2351 2837 Massa

441 2874 710 2934 Baebius
761 2874 963 2955 [jam]
1012 2886 1147 2933 turn
1199 2895 1339 2935 reus
1397 2886 1562 2934 erat:
1618 2897 1764 2936 mox
1817 2862 2065 2937 nostrae
2116 2876 2348 2934 duxere

442 2971 809 3037 Helvidium
838 2971 896 3031 in
930 2991 1239 3032 carcerem
1268 2992 1520 3047 manus3
1550 2993 1661 3032 nos
1684 2973 1949 3033 Maurici
1980 2971 2348 3050 Rusticique

441 3070 625 3143 visuS,
655 3090 768 3131 nos
802 3069 1118 3130 innocenti
1163 3070 1458 3149 sanguine
1492 3070 1750 3130 Senecio
1794 3070 2089 3150 perfudit.
2174 3068 2347 3128 Nero

440 3176 651 3226 tamen
707 3168 1018 3228 subtraxit
1077 3167 1286 3229 oculos
1342 3188 1484 3228 suos
1551 3168 1858 3247 jussitque
1918 3167 2164 3240 scelera,
2224 3185 2348 3225 non

334 3277 393 3321 10
435 3263 781 3343 spectavit:
837 3267 1166 3344 praecipua
1210 3264 1323 3324 sub
1367 3262 1734 3324 Domitiano
1777 3264 2164 3324 miseriarum
2206 3281 2349 3341 pars

442 3370 574 3420 erat
602 3361 814 3420 videre
859 3373 921 3423 et
965 3362 1172 3441 aspici,
1205 3382 1343 3421 cum
1375 3361 1637 3439 suspiria
1664 3370 1878 3422 nostra
1906 3359 2353 3420 subscriberen-

441 3467 564 3531 tur,
594 3476 736 3517 cum
779 3459 1149 3518 denotandis
1180 3470 1276 3520 tot
1302 3459 1623 3518 hominum
1668 3458 2004 3538 palloribus
2045 3456 2351 3517 sufficeret

440 3570 660 3610 saevus
717 3554 820 3612 ille
860 3555 1071 3613 vultus
1127 3565 1192 3612 et
1248 3555 1453 3629 rubor,
1498 3574 1619 3633 quo
1670 3574 1734 3615 se
1781 3565 1999 3615 contra
2045 3552 2350 3630 pudorem

444 3645 783 3705 muniebat.
