2738 4048
632 284 1038 333 ANNALIUM
1081 287 1300 333 LIBER
1346 287 1669 345 QUINTUS
1714 287 2061 336 DECIMUS.
2265 271 2346 339 75

340 443 649 512 tabernas,
690 441 911 521 quibus
952 443 1018 502 id
1059 444 1531 504 mercimonium
1585 444 1786 504 inerat
1828 465 1950 524 quo
1992 445 2242 504 flamma

341 540 547 612 alitur,
571 539 753 599 simul
795 549 1050 619 coeptus
1092 540 1253 619 ignis
1296 550 1360 600 et
1402 541 1617 600 statim
1650 541 1894 600 validus
1937 561 2008 600 ac
2049 552 2240 601 vento

341 636 501 695 citus
529 635 987 714 longitudinem
1019 637 1165 696 circi
1194 636 1531 716 corripuit:
1573 657 1774 715 neque
1811 638 1977 696 enim
2021 638 2242 701 domus

340 732 739 792 munimentis
781 744 993 811 septae
1034 735 1136 793 vel
1184 735 1420 813 templa
1459 734 1650 793 muris
1694 733 1896 793 cincta
1937 743 2047 794 aut
2088 734 2240 813 quid

293 860 296 861 ⁷
342 829 511 889 aliud
541 849 751 889 morae
788 829 1215 910 interjacebat.
1296 831 1549 910 Impetu
1589 839 1998 910 pervagatum
2039 829 2245 890 incen-
2285 846 2347 892 10

342 925 515 986 dium
543 928 727 1005 plana
753 926 1042 1005 primum,
1072 927 1299 987 deinde
1328 927 1394 986 in
1425 927 1595 987 edita
1636 946 1978 1006 assurgenS,
2009 937 2073 987 et
2114 948 2240 987 rur-

339 1042 442 1083 sus
471 1022 763 1082 inferiora
782 1023 1162 1102 populando,
1187 1024 1408 1083 anteiit
1436 1024 1711 1083 remedia
1736 1025 2061 1084 velocitate
2090 1024 2240 1084 mali

340 1129 406 1181 et
434 1121 702 1180 obnoxia
729 1122 881 1180 urbe
924 1121 1075 1181 artis
1116 1120 1441 1181 itineribus
1483 1122 1726 1201 hucque
1769 1130 1833 1182 et
1873 1121 2022 1180 illuc
2061 1121 2238 1181 flexis

339 1225 524 1297 atque
581 1218 937 1278 enormibus
984 1218 1157 1292 viciS,
1200 1218 1398 1297 qualis
1444 1227 1622 1278 vetus
1664 1218 1869 1278 Roma
1911 1217 2048 1278 suit.
2130 1217 2239 1277 Ad

339 1314 457 1374 hoc
498 1315 768 1374 lamenta
810 1314 1173 1393 paventium
1212 1314 1605 1389 feminarum,
1634 1315 1797 1374 fessa
1828 1314 2098 1395 [aetate]
2132 1323 2240 1374 aut
2282 1329 2343 1374 15

239 1456 242 1457 ν
338 1411 511 1470 rudis
543 1411 908 1493 [pueritiae]
940 1420 1129 1485 aetaS,
1160 1404 1387 1491 quique
1430 1411 1547 1471 sibi
1576 1412 1803 1492 quique
1847 1411 1982 1470 aliis
2024 1430 2238 1470 consu-

337 1508 570 1582 lebant,
613 1509 762 1568 dum
804 1510 1060 1569 trahunt
1109 1509 1416 1568 invalidos
1467 1518 1575 1569 aut
1620 1508 2048 1588 opperiuntur,
2090 1528 2233 1587 pars

336 1624 528 1679 mora,
568 1625 720 1684 pars
765 1605 1087 1680 festinans,
1130 1616 1354 1665 cuncta
1408 1605 1868 1684 impediebant:
1925 1614 1990 1664 et
2031 1624 2234 1684 saepe,

338 1702 489 1761 dum
516 1703 579 1762 in
607 1712 855 1782 tergum
882 1710 1258 1781 respectant,
1281 1703 1580 1762 lateribus
1611 1711 1719 1762 aut
1747 1702 1951 1761 fronte
1982 1701 2237 1760 circum-

336 1799 764 1873 veniebantur,
793 1801 896 1861 vel
937 1801 988 1859 si
1023 1800 1087 1859 in
1129 1786 1412 1879 proxima
1454 1809 1797 1873 evaserant,
1828 1799 1949 1858 illis
1992 1818 2236 1878 quoque
2277 1813 2342 1859 20

334 1894 469 1975 igni
514 1896 831 1975 correptis,
883 1897 1072 1957 etiam
1121 1889 1278 1977 quae
1328 1896 1669 1976 longinqua
1718 1895 2113 1955 crediderant
2169 1895 2234 1956 in
2341 1910 2343 1912 ’

336 1993 556 2054 eodem
587 2014 730 2055 casu
759 1995 1168 2076 reperiebant.
1224 1994 1572 2068 PostremO,
1603 1994 1748 2075 quid
1780 1994 2053 2055 vitarent
2083 1994 2234 2074 quid

333 2100 620 2170 peterent
650 2093 940 2173 ambigui,
971 2094 1278 2173 complere
1306 2093 1460 2167 vias,
1489 2093 1679 2153 sterni
1710 2113 1822 2172 per
1851 2112 2065 2173 agros3
2108 2093 2236 2173 qui-

335 2188 479 2248 dam
522 2190 761 2250 amissis
803 2191 1087 2250 omnibus
1141 2190 1430 2265 fortuniS,
1475 2190 1678 2250 diurni
1721 2210 1966 2270 quoque
2009 2190 2232 2265 victus,

334 2286 440 2346 alii
469 2287 722 2349 caritate
752 2308 1019 2360 suorum,
1050 2309 1203 2367 quos
1233 2288 1467 2367 eripere
1497 2289 1927 2367 nequiverant,
1953 2288 2233 2368 quamvis
2275 2302 2339 2348 25

333 2393 589 2462 patente
639 2384 871 2465 effugio
927 2386 1237 2446 interiere.
1340 2386 1477 2446 Nec
1528 2387 1852 2466 quisquam
1901 2386 2232 2446 defendere

334 2466 623 2557 audebat,
653 2483 883 2543 crebris
911 2485 1249 2543 multorum
1277 2483 1463 2542 minis
1490 2483 1877 2562 restinguere
1911 2483 2234 2561 prohiben-

333 2578 510 2655 tium,
542 2590 606 2640 et
636 2581 781 2661 quia
809 2580 913 2640 alii
942 2582 1145 2659 palam
1187 2580 1354 2639 faces
1395 2580 1710 2660 jaciebant
1740 2589 1924 2658 atque
1955 2599 2086 2639 esse
2115 2579 2233 2639 sibi

334 2685 651 2736 auctorem
680 2677 1198 2751 vociferabantur,
1228 2676 1358 2736 sive
1389 2688 1459 2735 ut
1487 2686 1700 2756 raptus
1738 2675 2026 2735 licentius
2066 2695 2234 2735 exer-

332 2782 565 2848 cerent,
595 2794 702 2834 seu
741 2776 935 2855 jussu.
2274 2787 2338 2833 30

414 2871 510 2930 39.
581 2870 677 2931 Eo
717 2872 781 2931 in
822 2881 1103 2951 tempore
1145 2872 1319 2932 Nero
1355 2870 1537 2930 Antii
1579 2890 1768 2950 agens
1810 2890 1935 2930 non
1977 2879 2121 2929 ante
2164 2868 2229 2928 in

332 2968 550 3027 urbem
590 2989 903 3048 regressus
947 2980 1059 3042 est,
1102 2989 1287 3048 quam
1329 2967 1543 3027 domui
1585 2967 1734 3046 ejus,
1765 2986 1886 3045 qua
1915 2965 2230 3025 Palatium

331 3072 397 3124 et
419 3063 802 3124 Maecenatis
825 3066 1039 3125 hortos
1061 3065 1553 3136 continuaverat,
1577 3063 1738 3142 ignis
1762 3062 2228 3141 propinquaret.

332 3159 554 3239 Neque
577 3169 785 3221 tamen
812 3161 945 3221 sisti
966 3161 1191 3240 potuit,
1215 3162 1362 3241 quin
1395 3169 1459 3221 et
1488 3159 1801 3219 Palatium
1826 3167 1889 3219 et
1912 3158 2132 3218 domus
2163 3168 2229 3218 et

330 3268 556 3318 cuncta
578 3259 810 3318 circum
834 3258 1245 3317 haurirentur.
1306 3257 1429 3317 Sed
1453 3256 1747 3316 solacium
1770 3254 1999 3334 populo
2019 3266 2225 3314 extur-
2302 3270 2333 3315 5

329 3353 480 3414 bato
508 3374 580 3414 ac
607 3354 875 3434 profugo
905 3374 1193 3433 campum
1215 3353 1442 3413 Martis
1473 3372 1543 3411 ac
1571 3362 1974 3410 monumenta
2000 3350 2228 3429 Agrip-

329 3470 466 3530 pae,
482 3453 694 3511 hortos
711 3452 858 3530 quin
874 3451 1061 3511 etiam
1077 3471 1219 3510 suos
1233 3449 1543 3531 patefecit,
1559 3458 1622 3507 et
1637 3447 1932 3507 subitaria
1947 3447 2227 3507 aedificia

329 3548 640 3609 exstruxit
669 3568 825 3627 quae
858 3548 1327 3607 multitudinem
1371 3546 1619 3625 inopem
1663 3544 2048 3625 acciperent3
2089 3544 2227 3604 sub-
