2738 4048
425 279 554 342 130
993 293 1390 343 ΕΧΟΕΒΡΤΑ
1435 292 1867 341 TACITIANA.

424 465 487 511 25

529 471 728 531 pauca
753 451 1060 532 purgandi
1090 451 1185 511 sui
1214 471 1398 511 causa
1424 450 1767 529 respondit,
1799 449 2045 528 culpam
2072 449 2137 508 in
2168 450 2437 514 militem

531 549 875 622 conferens,
908 549 1081 627 cujus
1108 548 1300 607 nimio
1331 547 1538 606 ardori
1567 547 1869 625 imparem
1899 566 2030 605 esse
2058 547 2438 609 modestiam

531 665 742 720 suam3
784 656 848 704 et
888 645 1129 704 monuit
1173 644 1547 717 Martialem,
1571 652 1647 701 ‘ut
1689 662 1802 721 per
1842 651 2141 702 secretam
2186 645 2436 706 aedium

530 753 772 821 partem
812 742 1052 800 occulte
1096 740 1310 813 abiret,
1339 760 1419 798 ne
1461 759 1503 798 a
1542 739 1844 799 militibus
1885 739 2307 801 internuntius
2347 742 2437 802 in-

530 838 698 896 visae
742 837 908 916 pacis
949 837 1445 896 interficeretur:
1500 835 1633 914 ipse
1676 855 1877 915 neque
1924 837 2189 915 jubendi
2231 857 2432 918 neque

423 949 482 994 30
524 934 778 993 vetandi
819 943 1060 1012 potens,
1101 954 1227 993 non
1279 935 1411 1014 jam
1452 934 1793 1012 imperator
1835 934 1946 995 sed
1989 944 2239 995 tantum
2277 935 2430 996 belli

423 2015 485 2061 10

385 2502 485 2548 ·15

424 2985 483 3029 20

530 1048 713 1089 causa
755 1038 902 1088 erat.

612 1126 707 1185 71.
779 1126 1061 1186 Vixdum
1089 1145 1364 1205 regresso
1395 1125 1460 1184 in
1493 1125 1873 1204 Capitolium
1902 1126 2188 1187 Martiale
2215 1126 2431 1187 furens

489 1226 490 1229 ’
528 1223 703 1282 miles
760 1223 994 1295 aderat,
1046 1222 1215 1281 nullo
1261 1212 1452 1296 duce,
1503 1223 1622 1282 sibi
1679 1224 1936 1304 quisque
1982 1234 2247 1285 auctor:
2305 1224 2431 1284 cito

529 1321 774 1400 agmine
803 1316 1010 1379 forum
1038 1328 1101 1378 et
1130 1318 1519 1378 imminentia
1559 1319 1698 1380 foro
1740 1322 1977 1399 templa
2017 1320 2430 1399 praetervecti

530 1419 779 1496 erigunt
821 1415 1018 1474 aciem
1058 1434 1168 1493 per
1210 1410 1541 1476 adversum
1583 1418 1804 1477 collem
1845 1437 2036 1496 usque
2080 1417 2160 1475 ad
2200 1416 2429 1495 primas

534 1513 920 1592 Capitolinae
964 1511 1119 1570 arcis
1159 1511 1340 1571 fores.
1425 1512 1626 1574 Erant
1668 1513 2006 1592 antiquitus
2046 1513 2321 1592 porticus
2361 1513 2428 1573 in

528 1613 721 1671 latere
777 1608 922 1670 clivi
977 1609 1235 1668 dextrae
1292 1610 1714 1684 subeuntibus,
1758 1610 1822 1668 in
1880 1630 2135 1689 quarum
2191 1620 2428 1669 tectum

530 1706 758 1786 egressi
786 1706 947 1765 saxis
976 1705 1324 1785 tegulisque
1356 1707 1731 1767 Vitellianos
1760 1707 2120 1766 obruebant.
2202 1705 2427 1784 Neque

526 1804 649 1863 illis
677 1823 894 1862 manus
924 1802 1040 1862 nisi
1069 1804 1293 1882 gladiis
1324 1813 1634 1877 armatae3
1677 1812 1740 1863 et
1782 1823 2088 1862 arcessere
2117 1811 2429 1863 tormenta

531 1911 638 1960 aut
664 1901 919 1960 missilia
949 1903 1073 1961 tela
1099 1902 1357 1981 longum
1389 1901 1755 1960 videbatur:
1797 1899 1962 1958 faces
1991 1899 2053 1958 in
2083 1899 2429 1977 prominen-

526 2009 654 2061 tem
684 2000 990 2080 porticum
1023 2000 1268 2079 jecere3
1311 2008 1376 2059 et
1405 1997 1820 2078 sequebantur
1847 1997 2057 2076 ignem
2087 1995 2421 2055 ambustas-

531 2118 649 2177 que
696 2098 987 2176 Capitolii
1041 2098 1207 2157 fores
1249 2104 1696 2175 penetrassent,
1738 2094 1804 2152 ni
1848 2093 2113 2153 Sabinus
2153 2092 2428 2152 revulsas

529 2194 802 2274 undique
845 2203 1100 2267 statuas,
1145 2192 1369 2251 decora
1418 2193 1736 2270 majorum,
1780 2190 1844 2248 in
1895 2190 2027 2269 ipso
2077 2189 2250 2248 aditu
2293 2189 2428 2248 vice

530 2290 691 2349 muri
733 2291 1077 2370 objecisset.
1163 2290 1329 2349 Tum
1372 2289 1649 2348 diversos
1681 2286 1972 2365 Capitolii
2015 2285 2220 2345 aditus
2260 2284 2430 2343 inva—

530 2389 709 2462 dunt,
735 2389 917 2468 juxta
952 2389 1162 2447 lucum
1190 2387 1344 2467 asyli
1389 2394 1454 2445 et
1497 2404 1618 2465 qua
1646 2383 1914 2462 Tarpeia
1953 2402 2137 2461 rupes
2177 2390 2429 2441 centum

526 2485 823 2567 gradibus
853 2485 1094 2544 aditur:
1139 2483 1476 2564 improvisa
1505 2492 1762 2559 utraque
1793 2481 1884 2539 vis
1908 2500 1923 2554 ;
1963 2478 2214 2559 propior
2242 2486 2427 2556 atque

530 2585 729 2644 acrior
757 2602 869 2662 per
898 2583 1138 2661 asylum
1178 2580 1530 2661 ingruebat.
1614 2578 1753 2637 Nec
1783 2576 1916 2636 sisti
1946 2584 2235 2655 poterant
2262 2593 2429 2633 scan-

530 2681 748 2740 dentes
778 2700 890 2758 per
920 2680 1250 2758 conjuncta
1279 2676 1581 2748 aedificia,
1612 2694 1787 2754 quae,
1816 2683 1887 2732 ut
1919 2672 1984 2731 in
2025 2673 2221 2731 multa
2259 2690 2429 2749 pace,

529 2777 593 2835 in
626 2777 820 2834 altum
850 2775 1020 2834 edita
1054 2776 1250 2834 solum
1287 2772 1582 2853 Capitolii
1625 2769 1989 2849 aequabant.
2075 2767 2197 2826 Hic
2240 2766 2428 2825 ambi-

528 2874 717 2952 gitur,
748 2871 956 2950 ignem
985 2871 1167 2930 tectis
1195 2879 1659 2950 oppugnatores
1689 2866 2039 2947 injecerint,
2070 2883 2148 2923 an
2179 2861 2427 2937 obsessi,

526 2988 681 3048 quae
712 2967 982 3028 crebrior
1007 2966 1191 3040 fama,
1219 2968 1309 3026 ita
1351 2968 1625 3027 nitentes
1667 2984 1739 3024 ac
1781 2981 2138 3042 progressos
2179 2959 2429 3038 depule-

531 3066 673 3125 rint.
756 3063 912 3124 Inde
944 3064 1147 3142 lapsus
1177 3063 1337 3142 ignis
1366 3064 1429 3123 in
1461 3064 1734 3143 porticus
1777 3059 2090 3139 appositas
2133 3056 2428 3116 aedibus:

530 3181 676 3220 mox
706 3162 1079 3220 sustinentes
1120 3160 1436 3238 fastigium
1481 3159 1719 3239 aquilae
1763 3166 1974 3218 vetere
2017 3155 2189 3233 ligno
2232 3161 2431 3211 traxe-

532 3267 677 3316 runt
706 3258 1015 3316 flammam
1045 3256 1452 3335 alueruntque
1477 3276 1489 3313 :
1520 3256 1607 3314 sic
1632 3254 2014 3333 Capitolium
2045 3248 2264 3311 clausis
2292 3246 2432 3306 fori-

531 3352 645 3411 bus
677 3353 1066 3411 indefensum
1095 3363 1159 3411 et
1188 3353 1570 3431 indireptum
1601 3352 2025 3429 confla-gravit.

616 3449 709 3507 72.
767 3448 844 3506 Id
872 3448 1111 3507 facinus
1140 3456 1281 3526 post
1312 3448 1630 3507 conditam
1659 3448 1876 3505 urbem
1905 3442 2432 3505 luctuosissimum

532 3543 1075 3621 foedissimumque
1131 3544 1502 3622 reipublicae
1570 3544 1784 3623 populi
1842 3542 2109 3603 Romani
2180 3538 2430 3613 accidit,
