2738 4048
370 257 497 321 112
957 270 1350 319 EXCERPTA
1394 270 1824 318 TACITIANA.

369 446 399 491 5

372 931 434 976 10

377 2187 439 2233 10

374 2673 439 2719 15

378 3159 437 3202 20

475 431 668 503 tabat,
726 440 1020 508 tanquam
1078 429 1394 488 affinitatis
1450 449 1591 489 cum
1648 429 1910 489 Vitellio
1966 429 2386 506 meminisset3

476 528 762 605 idemque
795 527 962 606 quod
994 536 1321 604 coeptante
1350 527 1664 605 legionum
1694 534 1870 586 motu
1893 526 2212 605 profugus,
2237 528 2386 587 dein

477 636 695 704 sponte
735 633 1136 695 remeaverat,
1167 623 1456 700 perfidiae
1500 624 1704 683 locum
1747 622 2054 702 quaesisse
2099 624 2387 685 credeba-

478 733 595 782 tur.
694 722 861 780 Nam
918 721 1305 792 Flavianum,
1356 721 1581 780 omissa
1638 719 1984 793 Pannonia,
2034 719 2382 799 ingressum

478 818 724 878 Italiam
748 829 809 877 et
833 818 1170 877 discrimini
1198 830 1573 896 exemptum,
1596 836 1806 877 rerum
1829 836 2132 876 novarum
2154 817 2382 896 cupido

476 915 667 994 legati
706 935 932 974 nomen
975 933 1283 974 resumere
1329 924 1395 972 et
1436 913 1679 972 misceri
1722 912 2005 973 civilibus
2048 913 2233 973 armis
2274 914 2383 974 im-

480 1012 740 1091 pulerat,
784 1012 1082 1071 suadente
1129 1010 1416 1070 Cornelio
1457 1010 1680 1083 Fusco,
1723 1030 1847 1069 non
1890 1010 2037 1089 quia
2075 1009 2383 1069 industria

482 1108 765 1168 Flaviani
808 1108 1048 1187 egebat,
1092 1108 1202 1167 sed
1245 1118 1314 1166 ut
1358 1107 1678 1167 consulare
1721 1127 1944 1166 nomen
1988 1107 2383 1185 surgentibus

480 1226 619 1265 cum
650 1205 915 1263 maxime
943 1204 1219 1282 partibus
1249 1205 1511 1263 honesta
1541 1203 1741 1282 specie
1772 1204 2301 1282 praetenderetur.

561 1302 617 1362 6.
672 1302 954 1361 Antonio
984 1300 1334 1360 vexillarios
1365 1320 1399 1358 e
1430 1301 1787 1360 cohortibus
1830 1312 1894 1361 et
1936 1310 2177 1380 partem
2221 1300 2383 1378 equi-

479 1411 615 1461 tum
644 1399 725 1457 ad
754 1399 1170 1458 invadendam
1199 1396 1448 1456 Italiam
1478 1397 1740 1477 rapienti
1769 1418 1975 1457 comes
2012 1397 2130 1456 suit
2157 1397 2381 1457 Arrius

480 1496 702 1569 VaruS,
732 1504 1018 1555 strenuus
1048 1493 1226 1567 bello,
1258 1513 1444 1572 quam
1471 1494 1732 1573 gloriam
1762 1494 1818 1553 ei
1847 1495 1976 1553 dux
2007 1493 2275 1554 Corbulo
2320 1502 2383 1552 et

479 1613 807 1673 prosperae
851 1594 912 1651 in
957 1590 1257 1649 Armenia
1297 1611 1395 1650 res
1438 1591 1828 1651 addiderant.
1911 1590 2089 1650 Idem
2132 1590 2383 1650 secretis

478 1691 645 1770 apud
688 1689 1005 1749 Neronem
1052 1687 1435 1748 sermonibus
1492 1689 1804 1748 ferebatur
1849 1688 2214 1748 Corbulonis
2261 1687 2380 1747 vir-

480 1798 648 1848 tutes
700 1788 1095 1859 criminatus;
1152 1786 1315 1845 unde
1363 1785 1580 1846 infami
1625 1786 1828 1865 gratia
1874 1786 2140 1864 primum
2187 1785 2384 1864 pilum

481 1885 708 1962 adepto
737 1885 902 1944 laeta
930 1883 1008 1941 ad
1038 1902 1325 1961 praesens
1355 1884 1516 1942 male
1546 1892 1724 1961 parta
1761 1903 1903 1941 mox
1947 1883 2010 1941 in
2051 1881 2385 1961 perniciem

480 1990 740 2042 vertere.
826 1980 948 2040 Sed
980 1979 1227 2041 Primus
1257 2000 1326 2040 ac
1356 1979 1580 2055 Varus,
1611 1989 1910 2059 occupata
1938 1979 2247 2058 Aquileia,
2277 1999 2387 2057 per

481 2077 763 2155 proxima
805 2097 1083 2156 quaeque
1140 2090 1204 2137 et
1248 2078 1555 2157 Opitergii
1597 2087 1661 2137 et
1701 2077 1906 2136 Altini
1946 2077 2124 2136 laetis
2166 2076 2386 2136 animis

482 2173 886 2251 accipiuntur.
998 2174 1314 2234 Relictum
1368 2174 1568 2233 Altini
1640 2174 2016 2253 praesidium
2086 2175 2381 2233 adversus

484 2270 693 2330 classis
747 2270 1130 2331 Ravennatis
1185 2283 1462 2345 conatuS,
1515 2273 1791 2332 nondum
1848 2271 2193 2331 defectione
2248 2272 2386 2350 ejus

483 2368 713 2427 audita.
795 2367 953 2427 Inde
982 2368 1312 2428 Patavium
1344 2379 1403 2427 et
1435 2370 1660 2428 Ateste
1700 2368 1976 2447 partibus
2016 2368 2384 2447 adjunxere:

483 2464 609 2524 illic
658 2465 977 2544 cognitum
1026 2476 1152 2525 tres
1190 2464 1562 2525 Vitellianas
1607 2465 1892 2524 cohortes
1943 2476 2006 2524 et
2056 2465 2233 2537 alam,
2285 2464 2385 2522 cui
2448 2519 2454 2524 .

486 2562 857 2623 Sebosianae
889 2584 1132 2636 nomen,
1164 2563 1240 2621 ad
1273 2562 1505 2621 Forum
1534 2562 1745 2621 Alieni
1775 2572 1963 2640 ponte
1995 2561 2216 2640 juncto
2247 2581 2386 2620 con-

483 2659 729 2720 sedisse.
815 2659 1065 2720 Placuit
1095 2659 1334 2720 occasio
1364 2659 1701 2719 invadendi
1728 2657 2067 2718 incuriosos
2086 2650 2109 2732 ξ
2144 2678 2289 2717 nam
2317 2658 2380 2716 id

484 2776 727 2836 quoque
782 2757 1221 2816 nuntiabatur:
1291 2757 1429 2816 luce
1485 2755 1682 2834 prima
1736 2755 2004 2815 inermos
2059 2756 2384 2833 plerosque

484 2873 855 2934 oppressere.
938 2853 1338 2912 Praedictum
1384 2862 1471 2927 ut,
1514 2853 1722 2931 paucis
1764 2852 2120 2926 interfectis,
2149 2863 2385 2913 ceteros

482 2970 710 3029 pavore
742 2950 820 3009 ad
850 2950 1215 3009 mutandam
1248 2949 1438 3009 fidem
1483 2959 1809 3029 cogerent3
1851 2958 1914 3008 et
1956 2949 2128 3009 fuere
2173 2948 2279 3028 qui
2319 2968 2384 3007 se

483 3048 696 3107 statim
740 3048 1079 3108 dederent:
1134 3048 1339 3125 plures
1383 3048 1647 3125 abrupto
1690 3059 1879 3125 ponte
1920 3046 2179 3107 instanti
2221 3047 2385 3106 hosti

481 3147 645 3205 viam
676 3147 1081 3207 abstulerunt.

569 3244 622 3302 7.
679 3243 957 3323 Vulgata
1013 3242 1290 3316 victoria,
1333 3254 1475 3321 post
1516 3243 1817 3322 principia
1857 3243 2003 3303 belli
2045 3241 2386 3302 secundum

487 3338 819 3400 Flavianos
862 3342 1027 3415 data,
1072 3340 1350 3419 legiones
1393 3340 1655 3419 septima
1698 3340 2017 3414 Galbiana,
2062 3340 2246 3400 tertia
2288 3339 2389 3397 de-

488 3456 665 3495 cuma
722 3437 984 3497 Gemina
1039 3458 1181 3497 cum
1236 3436 1446 3497 Vedio
1500 3437 1731 3516 Aquila
1787 3437 1994 3516 legato
2052 3435 2387 3497 Patavium

487 3534 717 3592 alacres
759 3535 1032 3594 veniunt.
1118 3534 1218 3593 Ibi
1244 3534 1426 3613 pauci
1457 3535 1589 3595 dies
1619 3535 1698 3594 ad
1728 3535 2004 3614 requiem
2046 3533 2294 3614 sumpti,
2322 3542 2389 3592 et
