2738 4048
365 235 450 299 86

371 1200 431 1245 10

371 1685 434 1732 15

371 2169 434 2214 20

373 3332 434 3376 10

929 248 1324 296 EXGERPTA
1366 249 1462 296 ΤΑ
1469 248 1801 297 CITIANA.

470 407 715 467 brarum
751 406 1033 484 plurimis
1076 407 1357 466 ludibriis
1387 417 1700 482 vexatum,
1728 406 2118 487 dispensator
2141 407 2378 487 Argius

472 525 506 565 e
585 507 886 581 prioribus
960 503 1151 563 servis
1192 505 1413 564 humili
1468 506 1785 583 sepultura
1825 505 1887 564 in
1930 505 2188 584 privatis
2245 506 2377 584 ejus

471 603 668 663 hortis
699 601 990 661 contexit.
1076 601 1300 679 Caput,
1330 621 1442 680 per
1482 602 1636 662 lixas
1680 603 2045 682 calonesque
2088 603 2375 662 suffixum

471 701 948 777 laceratumque,
974 709 1117 757 ante
1142 698 1424 757 Patrobii
1443 683 1762 758 'tumulum
1796 699 2081 778 (libertus
2108 699 2161 758 is
2182 699 2376 759 Nero-

475 797 569 856 nis
598 797 850 876 punitus
880 814 916 853 a
943 794 1139 854 Galba
1180 794 1412 872 fuerat)
1447 806 1698 874 postera
1738 797 1993 856 demum
2033 796 2135 855 die
2175 814 2378 874 reper-

474 902 627 965 tum,
670 901 734 952 et
789 903 1060 952 cremato
1108 892 1241 970 jam
1298 893 1540 970 corpori
1589 892 1938 952 admixtum
1993 901 2106 952 est.
2188 892 2376 951 Hunc

476 991 713 1051 exitum
766 989 982 1049 habuit
1040 989 1290 1049 Servius
1346 989 1563 1063 Galba,
1608 990 1806 1048 tribus
1862 1000 1943 1049 etn
1980 988 2377 1068 septuaginta

477 1087 652 1146 annis
694 1087 961 1166 quinque
1004 1085 1310 1165 principes
1353 1105 1648 1164 prospera
1687 1086 1942 1146 fortuna
1983 1105 2283 1157 emensuS,
2313 1094 2376 1144 et

474 1185 673 1244 alieno
729 1183 987 1263 imperio
1035 1183 1275 1243 felicior
1324 1201 1510 1261 quam
1560 1201 1690 1241 suo,
1774 1183 1977 1243 Vetus
2022 1182 2088 1241 in
2140 1180 2377 1241 familia

474 1282 782 1354 nobilitas,
811 1301 1071 1361 magnae
1116 1299 1295 1359 opes:
1337 1279 1454 1357 ipsi
1498 1279 1776 1338 medium
1814 1279 2149 1358 ingenium,
2180 1278 2375 1356 magis

477 1389 651 1439 extra
679 1380 831 1439 vitia
859 1398 1046 1458 quam
1075 1398 1214 1437 cum
1246 1376 1599 1436 virtutibus.
1684 1378 1914 1434 Famae
1958 1395 2071 1435 nee
2114 1375 2376 1435 incurio-

476 1497 578 1537 sus
623 1497 737 1535 nec
782 1475 1177 1549 venditator3
1233 1473 1529 1553 pecuniae
1588 1473 1824 1532 alienae
1880 1493 2006 1531 non
2062 1482 2376 1550 appetem,

478 1594 623 1634 suae
652 1593 885 1652 parcus,
913 1572 1194 1652 publicae
1224 1591 1476 1639 avarus3
1513 1569 1849 1629 amicorum
1877 1569 2377 1649 libertorumque,

477 1671 583 1730 ubi
625 1670 685 1729 in
729 1670 925 1729 bonos
966 1669 1300 1743 incidisset,
1345 1669 1477 1728 sine
1520 1667 1995 1746 reprehensione
2037 1667 2295 1745 patienS‚
2325 1667 2377 1726 si

478 1767 624 1826 mali
672 1767 895 1840 forent,
942 1786 1131 1846 usque
1181 1766 1258 1825 ad
1310 1765 1553 1844 culpam
1604 1765 1875 1843 ignarus,
1961 1764 2086 1824 Sed
2132 1763 2412 1823 claritas'

479 1864 777 1924 natalium
807 1873 871 1922 et
901 1874 1101 1922 metus
1130 1875 1483 1942 temporum
1505 1861 1809 1934 obtentui,
1828 1871 1899 1921 ut
1920 1861 2086 1940 quod
2116 1860 2380 1939 segnitia

477 1971 627 2033 erat,
656 1961 955 2039 sapientia
983 1970 1324 2019 vocaretur.
1410 1960 1579 2018 Dum
1607 1959 1860 2039 vigebat
1903 1968 2090 2033 aetas,
2121 1956 2378 2016 militari

477 2059 661 2117 laude
705 2058 868 2136 apud
913 2057 1272 2117 Germanias
1313 2058 1541 2117 floruit.
1623 2058 1751 2117 Pro
1802 2058 2052 2116 consule
2094 2056 2379 2116 Africam

477 2152 812 2224 moderate,
853 2154 983 2232 jam
1025 2154 1229 2212 senior
1270 2155 1618 2214 citeriorem
1660 2153 2028 2233 Hispaniam
2071 2154 2201 2233 pari
2254 2156 2383 2235 jus-

479 2249 620 2308 titia
661 2249 984 2322 continuit,
1014 2250 1209 2327 major
1237 2251 1483 2328 privato
1512 2252 1696 2327 visus,
1728 2252 1877 2310 dum
1920 2253 2197 2331 privatus
2239 2254 2379 2331 fuit,

479 2354 544 2405 et
572 2346 847 2405 omnium
876 2366 1175 2406 consensu
1206 2367 1400 2426 capax
1429 2348 1687 2428 imperii,
1716 2349 1835 2408 nisi
1865 2349 2240 2429 imperasset.

559 2443 653 2502 50.
722 2442 1054 2522 Trepidam
1088 2444 1318 2517 urbem,
1348 2464 1420 2504 ac
1459 2446 1642 2505 simul
1682 2448 2070 2507 atrocitatem
2111 2449 2378 2509 recentis

478 2540 740 2609 sceleris,
769 2540 949 2600 simul
979 2552 1221 2601 veteres
1251 2542 1518 2602 Othonis
1555 2564 1757 2604 mores
1798 2557 2148 2625 paventem,
2179 2566 2379 2605 novus

476 2639 727 2717 insuper
754 2638 832 2697 de
860 2638 1122 2699 Vitellio
1151 2639 1405 2700 nuntius
1437 2642 1755 2716 exterruit,
1782 2652 1927 2703 ante
1957 2644 2209 2703 caedem
2240 2643 2378 2703 Gal-

476 2737 592 2796 bae
634 2755 1007 2815 suppressus,
1036 2744 1107 2796 ut
1148 2745 1396 2797 tantum
1439 2738 1764 2817 superioris
1805 2740 2171 2800 Germaniae
2213 2761 2381 2800 exer-

476 2832 670 2893 citum
699 2832 1026 2891 descivisse
1057 2833 1430 2895 crederetur.
1516 2836 1680 2895 Tum
1711 2837 1887 2910 duOS‚
1919 2838 2194 2897 omnium
2224 2858 2380 2897 mor-

476 2929 694 2989 talium
733 2929 1135 3008 impudicitia‚
1181 2931 1451 3011 ignavia,
1497 2933 1743 2993 luxuria
1784 2934 2169 3007 deterrimos,
2204 2935 2380 2994 velut

478 3027 555 3086 ad
587 3027 968 3106 perdendum
997 3027 1322 3109 imperium
1365 3030 1644 3090 fataliter
1686 3031 1932 3105 electos,
1961 3051 2085 3091 non
2129 3041 2379 3091 senatus

478 3125 664 3184 modo
694 3134 757 3183 ct
786 3145 988 3204 eques
1011 3127 1147 3205 quis
1171 3127 1376 3206 aliqua
1396 3147 1538 3206 pars
1568 3137 1631 3186 et
1661 3148 1807 3187 cura
1833 3127 1922 3187 rei
1950 3128 2247 3207 publicae,
2270 3128 2378 3187 sed

479 3221 701 3300 vulgus
731 3243 974 3302 quoque
1003 3225 1210 3303 palam
1238 3244 1528 3283 maerere.
1611 3224 1749 3284 Nec
1782 3226 1914 3304 jam
1951 3226 2227 3284 recentia
2256 3243 2384 3283 sae-

476 3337 589 3375 vae
645 3321 811 3397 pacis
869 3322 1167 3399 exempla,
1225 3320 1332 3380 sed
1402 3321 1668 3399 repetita
1735 3321 2036 3380 bellorum
2106 3321 2381 3380 civilium

476 3416 789 3489 memoria,
820 3427 1063 3495 captam
1093 3417 1323 3476 totiens
1361 3417 1486 3476 suis
1521 3417 1892 3477 exercitibus
1935 3418 2170 3490 urbem,
2200 3416 2385 3476 vasti-

477 3519 675 3572 tatem
733 3511 970 3588 Italiae‚
1018 3513 1400 3591 direptiones
1455 3514 1925 3593 provinciarum,
1977 3513 2380 3589 Pharsaliam,
