2738 4048
1147 283 1722 334 mtraonucnon.
2338 272 2420 337 29

416 444 657 508 gentibus
681 442 831 493 donis
855 441 1175 493 adulterium
1198 447 1252 493 et
1279 458 1420 504 mox,
1445 449 1505 493 ut
1538 444 1807 494 omitteret
1840 444 2106 505 maritum,
2130 450 2423 496 emereatur

420 524 532 588 (13:
556 524 640 587 44)
660 540 673 583 ;
697 524 907 574 firmato
931 525 1085 573 vultu
1108 523 1229 573 Piso
1253 525 1506 573 adversus
1530 531 1750 584 metum,
1776 525 2119 575 Germanicus
2143 541 2208 575 ne
2231 526 2423 575 minari

415 606 717 655 crederetur
758 605 773 666 (
784 605 839 653 1:
879 605 996 666 57):
1040 619 1263 666 gnarum
1306 604 1584 654 meliorum
1629 612 1684 654 et
1720 620 1857 668 quae
1900 605 2047 655 fama
2085 606 2422 656 clementiam

415 691 721 748 sequeretur
747 683 826 747 (4:
861 684 946 746 31)
964 700 978 744 ;
1013 685 1288 735 altitudine
1312 685 1476 734 animi
1508 700 1577 734 an
1611 692 1936 750 compererat
1957 686 2165 736 modica
2198 702 2312 736 esse
2340 687 2420 749 (32

414 765 532 826 44):
563 765 708 814 nullo
733 770 879 814 metu
900 780 969 813 an
991 771 1051 814 ut
1068 765 1449 814 firmitudinem
1482 766 1647 814 animi
1680 772 1965 816 ostentaret
1993 766 2070 829 (42
2095 767 2178 829 8);
2216 766 2277 816 14
2296 784 2314 816 .-
2334 768 2421 826 12;

418 846 507 894 15;
532 845 609 894 28.
678 845 794 894 The
826 846 1069 894 inverted
1103 838 1257 894 order
1290 845 1335 893 is
1361 860 1492 908 very
1515 861 1664 896 rare:
1698 862 1773 906 as,
1796 847 2095 896 mederetur
2128 847 2283 897 fessis
2317 863 2424 899 neu

415 927 956 976 mortem-orabant
994 925 1155 989 (Anu.
1192 926 1250 974 1:
1296 925 1415 988 35);
1464 927 1558 975 sed
1600 927 2201 990 quod—quaesivisset,
2235 928 2425 978 bellica

418 1022 622 1070 quoque
650 1006 948 1056 Germanici
971 1006 1152 1068 gloria,
1174 1008 1470 1068 augebatur
1497 1008 1512 1069 (
1521 1007 1578 1055 1:
1603 1008 1706 1069 52).

505 1088 612 1151 (13)
659 1086 747 1136 An
763 1085 997 1151 adjective
1020 1102 1080 1136 or
1095 1086 1351 1151 participle
1375 1087 1478 1143 and
1500 1102 1532 1137 a
1542 1086 1677 1149 final
1696 1095 1933 1136 sentence.-
1957 1088 2025 1136 H.
2051 1086 2105 1138 3:
2130 1087 2161 1137 3
2175 1104 2189 1148 ;
2214 1103 2424 1151 gnarus,

415 1182 478 1217 ac
515 1183 581 1217 ne
620 1168 704 1229 (32
743 1167 865 1229 46);
906 1167 1125 1217 illiciens
1161 1167 2129 1230 Germanos—utque-insisteretur
2164 1169 2326 1229 (Ann.
2365 1170 2423 1218 2:

415 1247 536 1313 62);
572 1249 664 1297 13:
700 1247 778 1296 39.

506 1329 607 1391 (14)
665 1327 965 1377 Οοηᾱὶεἰοηαί
984 1336 1210 1378 sentences
1233 1329 1336 1378 and
1346 1328 1485 1391 final
1506 1344 1566 1379 or
1584 1327 1812 1393 tempor-al
1832 1337 2093 1379 sentences.-
2117 1331 2165 1380 si
2187 1330 2423 1382 defensio

414 1410 685 1459 audiretur
708 1416 870 1473 utque
893 1410 1101 1459 clausae
1126 1425 1277 1459 aures
1301 1411 1465 1460 etiam
1488 1409 1764 1460 confitenti
1794 1410 1971 1462 forent
1999 1411 2159 1475 (Ann.
2186 1413 2274 1462 11:
2298 1413 2384 1476 28)
2404 1428 2419 1473 ;

416 1491 644 1539 si—ubi
680 1490 761 1551 (12
795 1490 913 1552 44);
946 1489 1009 1539 4:
1048 1491 1123 1540 17.

506 1571 612 1633 (15)
661 1570 865 1620 Per-sons
899 1571 1005 1619 and
1041 1570 1226 1634 thinysae
1270 1571 1489 1622 laudare
1524 1572 1853 1633 modestiam,
1888 1573 2140 1636 disjectos
2181 1587 2423 1623 coercere

421 1651 572 1714 (Agr.
598 1651 713 1713 20);
748 1652 966 1700 crimina
989 1658 1042 1701 et
1063 1651 1305 1701 innoxios
1328 1653 1487 1714 (Ann.
1508 1654 1566 1701 1:
1591 1653 1674 1714 55)
1693 1669 1707 1712 ;
1740 1653 2423 1703 insontibus—manifestis

416 1732 628 1795 flagitiis
667 1733 782 1795 (12:
816 1731 920 1792 26).

502 1813 531 1874 5
567 1813 674 1862 120.
729 1811 1077 1861 Co-ordination
1111 1811 1298 1861 instead
1328 1814 1392 1876 qs
1412 1811 1795 1861 Subordination.
1851 1813 1946 1862 His
1970 1813 2229 1877 tendency
2253 1820 2309 1864 to
2332 1814 2422 1865 the

417 1893 734 1942 co·ordinate
777 1909 836 1942 or
871 1893 1013 1943 loose
1052 1899 1418 1955 arrangement
1451 1893 1509 1942 of
1553 1899 1823 1943 sentences
1859 1908 2080 1957 appears
2124 1900 2262 1944 most
2306 1909 2426 1945 con-

418 1973 719 2038 spicuously
752 1973 805 2021 in
843 1974 930 2023 the
965 1973 1211 2038 frequent
1244 1989 1337 2022 use
1378 1972 1436 2022 of
1468 1974 1557 2022 the
1592 1973 1720 2033 real,
1754 1973 1859 2022 and
1889 1974 1950 2024 of
1973 1975 2063 2024 the
2103 1974 2422 2038 explicative

418 2054 725 2117 asyndeton,
741 2069 798 2103 as
816 2055 870 2103 in
886 2056 1218 2118 parenthetic
1235 2054 1671 2119 expressions-&5
1691 2055 1829 2104 70—
1841 2055 1945 2118 75),
1958 2056 2063 2106 and
2079 2056 2425 2121 particularly

414 2136 473 2186 in
507 2138 596 2188 the
630 2137 900 2199 following
933 2154 1108 2189 cases:

505 2217 582 2280 (α)
630 2218 743 2268 The
760 2219 1080 2270 co·ordinate
1098 2221 1318 2284 particle
1339 2229 1382 2270 et
1405 2222 1607 2273 instead
1624 2222 1684 2272 of
1703 2238 1842 2287 quum
1864 2223 1919 2273 in
1940 2238 1973 2273 a
1995 2222 2252 2288 temporal
2274 2238 2424 2274 sense

420 2299 472 2363 (5
506 2298 608 2360 62).

506 2379 575 2442 (ὁ)
622 2378 690 2427 Et
723 2379 1037 2444 irregularly
1071 2383 1397 2446 introduced,
1429 2385 1643 2449 namely
1675 2386 1852 2437 before
1879 2384 2181 2451 participles.-
2216 2401 2426 2437 manan-

416 2466 513 2520 teS,
551 2467 651 2511 etc.
691 2460 850 2523 (Anu.
884 2464 940 2512 2:
972 2464 1091 2526 23);
1128 2466 1215 2516 12‘:
1255 2466 1346 2526 67;
1394 2468 1526 2517 adeo
1566 2474 1626 2518 ut
1661 2469 1799 2519 Nero
1839 2484 1996 2531 aeger
2029 2469 2330 2519 valetudine
2369 2472 2425 2519 et

417 2549 754 2600 adulantibus
788 2551 1000 2610 circum,
1034 2551 1140 2614 qui,
1173 2557 1271 2601 etc.
1311 2551 1427 2613 (14:
1461 2551 1583 2613 47);
1628 2550 1682 2600 id
1717 2551 1927 2613 egregio
1963 2550 2060 2599 sub
2099 2550 2333 2613 principe
2367 2552 2424 2599 et

416 2632 561 2681 nulla
582 2631 893 2681 necessitate
919 2633 1170 2682 obstricto
1192 2632 1398 2682 senatui
1422 2624 1758 2682 statuendum
1782 2631 2026 2680 disseruit
2051 2631 2067 2688 (
2075 2630 2164 2679 14:
2198 2629 2316 2692 48);
2350 2630 2425 2678 in-

417 2712 633 2761 territus
656 2717 709 2761 et
731 2717 883 2774 parte
907 2713 1179 2775 copiarum
1204 2712 1346 2775 apud
1373 2711 1580 2761 Suriam
1602 2711 1789 2761 relicta
1814 2711 1902 2775 (15
1918 2748 1929 2759 .
1957 2711 2072 2774 12);
2097 2710 2187 2759 15:
2213 2709 2307 2769 59;
2332 2709 2422 2758 16:

415 2791 465 2841 4.
532 2793 646 2842 The
671 2808 814 2843 same
838 2793 1021 2843 before
1043 2794 1097 2842 in
1124 2793 1323 2843 Sallust
1347 2792 1451 2841 and
1473 2792 1628 2854 Livy.

506 2873 575 2936 (c)
625 2874 737 2924 The
775 2875 891 2924 first
921 2881 1165 2924 sentence
1204 2874 1299 2923 has
1332 2889 1364 2922 a
1398 2871 1563 2921 causa!
1598 2872 1845 2935 meaning
1879 2872 2034 2921 while
2074 2870 2422 2920 co·ordinate:

417 2951 616 3003 Othoni
632 2959 810 3004 tamen
832 2954 1024 3003 armari
1048 2954 1253 3017 plebem
1276 2954 1619 3003 nuntiabatur
1632 2970 1644 3013 ;
1667 2954 1740 3003 ire
1763 2953 2075 3016 praecipites
2094 2956 2149 3000 et
2166 2965 2423 3012 occupare

416 3034 650 3098 pericula
665 3033 819 3095 jubet
846 3033 934 3096 (H.
961 3034 1017 3082 1:
1049 3035 1134 3096 40)
1160 3051 1170 3082 :
1206 3034 1298 3083 sed
1329 3049 1516 3096 parum
1550 3034 1821 3096 provisum
1853 3038 1915 3082 ut
1948 3032 2131 3094 copiae
2164 3030 2220 3079 in
2252 3036 2426 3079 castra

418 3114 865 3174 conveherentur3
898 3115 1014 3177 rapi
1037 3114 1361 3177 permissere
1378 3113 1431 3176 (4
1452 3131 1463 3162 :
1497 3114 1600 3176 22).

506 3191 582 3255 (d)
631 3192 747 3242 The
779 3192 894 3242 first
926 3199 1169 3242 sentence
1202 3193 1248 3241 is
1280 3189 1587 3257 hypothetical
1620 3191 1677 3239 in
1713 3204 1878 3249 sense,
1907 3188 2110 3250 though
2145 3193 2239 3238 not
2273 3202 2330 3238 so
2369 3187 2425 3237 in

418 3271 590 3323 form:
626 3289 752 3324 sane
785 3288 884 3335 ego
920 3273 1254 3336 displiceam:
1289 3279 1414 3322 sunt
1447 3272 1539 3321 alii
1574 3271 1748 3333 legati,
1783 3275 1882 3320 etc.
1922 3270 2013 3332 (Η.
2048 3269 2109 3318 4:
2144 3270 2228 3331 58)
2248 3285 2261 3328 ;
2299 3284 2423 3318 sane

418 3355 693 3403 consilium
717 3355 963 3414 occuluit,
987 3355 1152 3404 telum
1174 3354 1313 3402 inter
1333 3354 1545 3415 ignaros
1571 3352 1807 3414 paravit:
1841 3365 1967 3399 num
2002 3350 2253 3400 excubias
2287 3355 2426 3399 tran·

418 3435 560 3494 siret,
583 3442 681 3484 etc.
711 3436 871 3498 (Ann.
898 3434 987 3483 14:
1011 3434 1129 3496 44);
1165 3434 1430 3483 omitteret
1452 3432 1627 3496 potius
1654 3430 1977 3481 obsidionem
2010 3439 2095 3480 aut
2129 3446 2184 3481 se
2217 3444 2423 3493 quoque

416 3521 670 3564 —castra
689 3515 986 3577 positurum
1013 3515 1127 3578 (152
1153 3514 1267 3576 15);
1296 3515 1382 3562 13:
1405 3513 1484 3561 21.

508 3595 576 3658 (ε)
622 3595 707 3659 By
729 3592 896 3643 causal
917 3594 1208 3659 appositione
1231 3595 1425 3657 quippe
1445 3594 1500 3642 in
1517 3593 1628 3643 acie
1643 3592 1776 3642 nihil
1791 3592 2034 3657 praedae,
2051 3592 2234 3656 inopes
2252 3604 2424 3653 agres-
