2738 4048
379 259 462 323 82
964 272 1357 320 EXCERPTA
1401 272 1831 321 TACITIANA.

484 451 520 490 a
547 430 893 511 legionibus
921 429 1176 504 factum,
1195 451 1426 509 pronus
1448 430 1526 490 ad
1550 451 1742 491 novas
1765 450 1860 490 res
1884 431 2113 491 scelere
2135 430 2388 511 insuper

482 529 851 608 Nymphidii
906 528 1118 586 Sabini
1161 529 1459 606 praefecti
1508 528 1839 607 imperium
1881 529 1998 587 sibi
2053 529 2386 603 molientis,

484 625 771 705 agitatur.
856 624 940 683 Et
969 624 1394 703 Nymphidius
1437 624 1688 704 quidem
1731 625 1793 683 in
1838 625 1972 703 ipso
2016 636 2244 685 conatu
2286 645 2387 705 op-

377 737 436 782 10
479 742 744 800 pressus,
765 721 891 793 sed,
913 722 1191 799 quamvis
1221 721 1423 801 capite
1443 721 1816 781 defectionis
1836 722 2063 796 ablato,
2086 723 2378 782 manebat

482 818 791 898 plerisque
845 817 1109 876 militum
1165 818 1558 891 conscientia,
1600 838 1717 878 nec
1759 819 2019 880 deerant
2074 839 2385 879 sermones

485 915 722 974 senium
753 923 936 992 atque
968 914 1286 973 avaritiam
1312 915 1544 974 Galbae
1578 916 2046 994 increpantium.
2104 916 2386 977 Laudata

467 1011 632 1093 'olim
664 1020 727 1069 ct
755 1010 1007 1069 militari
1041 1010 1210 1070 fama
1247 1011 1558 1072 celebrata
1602 1013 1899 1073 severitas
1941 1015 2076 1094 ejus
2118 1014 2386 1094 angebat

485 1116 886 1186 aspernantes
926 1119 1204 1167 veterem
1247 1108 1656 1188 disciplinam,
1701 1119 1885 1190 atque
1940 1110 2029 1170 ita
2071 1121 2386 1190 quattuor-

378 1220 439 1266 15
483 1204 686 1263 decim
728 1204 903 1263 annis
933 1223 968 1262 a
997 1203 1247 1267 Nerone
1293 1206 1674 1268 assuefactos
1704 1218 1775 1267 ut
1803 1207 1970 1267 haud
2001 1207 2203 1266 minus
2232 1206 2384 1266 vitia

484 1300 831 1381 principum
888 1312 1168 1361 amarent
1224 1322 1407 1381 quam
1467 1304 1616 1363 olim
1670 1304 1938 1365 virtutes
1993 1304 2383 1364 verebantur.

484 1400 768 1459 Accessit
799 1399 1031 1459 Galbae
1060 1419 1184 1460 vox
1211 1421 1323 1479 pro
1352 1402 1664 1480 republica
1690 1404 1966 1475 honesta,
1994 1402 2113 1482 ipsi
2141 1421 2385 1480 ancepS,

486 1498 611 1578 legi
640 1517 677 1557 a
705 1518 768 1557 se
797 1498 1079 1571 militem,
1109 1518 1232 1558 non
1278 1499 1402 1558 emi
1419 1519 1436 1576 3
1479 1519 1595 1559 nec
1629 1500 1794 1559 enim
1829 1500 1908 1558 ad
1936 1500 2097 1558 hanc
2122 1498 2387 1558 formam

485 1605 693 1656 cetera
731 1604 925 1654 erant.

567 1694 622 1752 6.
691 1691 1049 1752 Invalidum
1075 1712 1284 1753 senem
1308 1693 1491 1754 Titus
1514 1694 1742 1754 Vinius
1769 1702 1832 1754 et
1858 1694 2178 1754 Cornelius
2201 1693 2384 1767 Laco,

486 1791 643 1850 alter
692 1790 1062 1851 deterrimus
1112 1792 1488 1865 mortalium,
1533 1792 1690 1851 alter
1744 1791 2195 1870 ignavissimuS,
2238 1791 2385 1850 odio

485 1887 862 1965 flagitiorum
895 1899 1214 1948 oneratum
1252 1898 1616 1968 contemptu
1657 1888 1918 1947 inertiae
1965 1887 2385 1948 destruebant.

487 1984 765 2043 Tardum
796 1984 1028 2045 Galbae
1067 1985 1187 2046 iter
1229 1995 1292 2048 et
1335 1996 1676 2060 cruentum,
1704 1984 2050 2046 interfectis
2082 1984 2386 2065 Cingonio

380 2098 411 2142 5
486 2082 768 2141 Varrone
801 2083 1050 2141 consule
1080 2084 1403 2163 designato
1433 2095 1498 2143 et
1527 2083 1823 2143 Petronio
1854 2082 2215 2161 Turpiliano
2247 2101 2389 2142 con-

488 2176 714 2236 sulari:
757 2177 860 2235 ille
902 2188 973 2236 ut
1015 2179 1388 2258 Nymphidii
1433 2180 1652 2254 sociuS,
1681 2179 1783 2239 hic
1824 2189 1893 2239 ut
1936 2180 2065 2237 dux
2100 2178 2389 2252 NeroniS,

488 2273 755 2333 inauditi
790 2284 974 2354 atque
1005 2276 1303 2336 indefensi
1338 2286 1634 2356 tanquam
1666 2277 2025 2336 innocentes
2054 2275 2388 2355 perierant.

490 2373 794 2436 Introitus
844 2376 905 2434 in
959 2377 1192 2449 urbem,
1238 2374 1567 2434 trucidatis
1613 2384 1711 2434 tot
1759 2373 2006 2432 milibus
2061 2372 2392 2431 inermium

487 2472 779 2547 militum,
820 2473 1123 2533 infaustus
1170 2472 1375 2532 omine
1421 2481 1605 2550 atque
1661 2470 1811 2549 ipsis
1862 2469 2048 2529 etiam
2091 2469 2194 2548 qui
2236 2466 2392 2528 occi-

325 2608 334 2617 ·
382 2584 441 2629 10
485 2570 706 2630 derant
747 2570 1201 2631 formidolosus.
1289 2568 1556 2627 Inducta
1598 2568 1842 2646 legione
1874 2566 2172 2645 Hispana,
2200 2584 2392 2624 rema-

488 2679 676 2728 nente
705 2689 776 2729 ea
804 2689 988 2748 quam
1024 2690 1057 2728 e
1093 2669 1284 2734 classe
1313 2666 1488 2726 Nero
1531 2664 1992 2743 conscripserat,
2020 2663 2205 2741 plena
2244 2662 2391 2721 urbs

488 2766 762 2825 exercitu
790 2765 1073 2839 insolit03
1113 2765 1296 2824 multi
1337 2764 1414 2822 ad
1455 2764 1573 2823 hoc
1607 2761 1847 2821 numeri
1878 2781 1911 2819 e
1943 2758 2278 2818 Germania
2319 2776 2391 2816 ac

489 2862 818 2922 Britannia
845 2872 908 2922 et
940 2862 1207 2939 Illyrico,
1239 2882 1393 2941 quos
1423 2861 1586 2919 idem
1617 2859 1789 2918 Nero
1832 2859 2061 2916 electos
2104 2853 2389 2934 praemis·

490 2979 711 3039 sosque
765 2960 843 3018 ad
902 2960 1168 3018 claustra
1226 2957 1589 3037 Caspiarum
1663 2966 1725 3015 et
1796 2954 2044 3027 bellum,
2101 2951 2269 3032 quod
2325 2951 2391 3011 in

385 3071 446 3117 15
487 3056 768 3116 Albanos
796 3056 1070 3136 parabat,
1098 3055 1523 3134 opprimendis
1556 3052 1846 3114 Vindicis
1878 3050 2114 3129 coeptis
2146 3069 2392 3108 revoca-

494 3163 699 3212 verat:
755 3154 972 3234 ingens
1028 3152 1205 3212 novis
1261 3151 1443 3211 rebus
1487 3151 1766 3223 materia,
1811 3158 1882 3208 ut
1923 3167 2046 3207 non
2090 3146 2154 3204 in
2199 3165 2391 3204 unum

493 3250 757 3328 aliquem
788 3270 982 3328 prono
1011 3250 1244 3322 favore,
1274 3249 1364 3308 ita
1395 3248 1647 3307 audenti
1678 3257 1912 3326 parata.

576 3348 669 3405 10.
740 3345 962 3406 Oriens
1019 3347 1221 3406 adhuc
1277 3346 1587 3404 immotus·
1675 3343 1919 3423 Syriam
1978 3352 2042 3403 et
2098 3348 2397 3420 quattuor

494 3441 767 3520 legiones
796 3442 1117 3502 obtinebat
1146 3442 1420 3502 Licinius
1450 3441 1796 3514 Mucianus,
1825 3441 1920 3498 vir
1964 3436 2249 3499 secundis
2292 3435 2396 3494 ad-

495 3538 808 3614 versisque
863 3540 1044 3616 juxta
1084 3538 1375 3597 famosus
1462 3537 1745 3616 Insignes
1795 3536 2096 3596 amicitias
2141 3533 2395 3614 juvenis
